4509 5584
1154 541 1798 648 AGRIPPINA
1867 533 2574 662 anamahtim.

440 737 575 804 Sed
606 756 826 826 neque
850 740 1098 809 erravit
1115 725 1541 812 'monetarius
1568 745 1805 808 'vocan-

311 840 401 904 do
442 841 874 927 Agrippinam
921 839 1295 923 AIOAIN,
1326 837 1532 930 'quod
1590 844 1656 908 ei
1690 864 1807 907 no·

296 962 467 1007 ‘men
507 942 782 1010 honoris
841 965 1030 1010 causa
1084 945 1357 1009 inditum
1419 946 1808 1010 confirmant

307 1044 596 1130 primum
665 1044 977 1122 historia,
1067 1047 1308 1112 deinde
1390 1061 1808 1113 monumenta

310 1161 495 1213 certa
541 1147 688 1213 alia.
768 1150 1053 1213 Numam
1096 1141 1377 1214 diximus
1421 1171 1809 1236 percussum

309 1248 481 1333 apud
532 1249 897 1333 Mytilenen
969 1251 1171 1315 Lesbi
1236 1253 1489 1316 insulae
1549 1252 1804 1317 urbem.

309 1349 467 1415 Fuit
529 1350 787 1416 Lesbus
850 1372 984 1414 non
1029 1354 1230 1418 modo
1287 1353 1548 1419 Aeolidi
1600 1353 1806 1418 adsita

308 1453 652 1537 proxime,
712 1473 946 1518 verum
998 1475 1085 1519 ea
1143 1456 1283 1540 ipsa
1336 1455 1427 1519 ab
1484 1455 1805 1519 Aeolibus

308 1555 609 1620 habitata.
714 1555 937 1650 Quare
1005 1556 1262 1641 Scylaci
1331 1556 1571 1621 dicitur
1625 1572 1809 1631 νησος

309 1655 576 1738 Διολις,
618 1667 694 1722 et
720 1656 1079 1730 Eustathio·
1101 1663 1471 1743 μητροπολις
1500 1678 1617 1719 των
1654 1656 1807 1720 Aeo·

307 1760 487 1822 λιιιων
530 1763 760 1822 πολεων
805 1759 901 1841 ·),
972 1772 1039 1824 et
1098 1760 1466 1850 Stephanus
1504 1757 1610 1846 1³1:
1674 1754 1806 1821 Ac-

308 1881 527 1942 ‹yon-oet
570 1885 671 1922 και
717 1862 776 1920 0!
797 1881 898 1921 τον
933 1853 1176 1936 Amfion·
1229 1859 1483 1936 ὂικεπες
1514 1858 1802 1942 Αιολεις,

298 1970 367 2020 et
412 1963 663 2024 Aeoles
705 1974 1033 2024 vocantur
1061 1968 1151 2040 ii,
1205 1968 1323 2044 qui
1344 2009 1352 2016 -
1381 1964 1661 2026 Lesbum
1708 1966 1811 2024 in·

304 2062 561 2129 colunt.
640 2065 786 2147 Ipsa
834 2063 1032 2127 etiam
1061 2064 1283 2149 lingua
1330 2063 1453 2127 fuit
1492 2063 1772 2126 Aeolum
1787 2121 1808 2155 v

310 2160 490 2247 quod
532 2177 798 2247 praeter
841 2164 966 2229 alia
1019 2164 1468 2229 demonstrant
1523 2163 1809 2229 carmina

303 2265 573 2340 Alcaei,
640 2279 709 2330 et
752 2266 1051 2350 Sapphus
1096 2267 1595 2352 indigenarum.·
1631 2266 1810 2328 Con·

306 2378 432 2429 stat
502 2388 665 2432 vero
726 2388 811 2432 ex
879 2368 1110 2432 Tacito
1159 2370 1258 2450 ⁰),
1339 2368 1804 2432 Germanicum

306 2468 564 2532 Tiberii
632 2469 813 2552 jussu
870 2471 953 2538 V.
981 2471 1074 2558 ·C.
1119 2475 1238 2553 ³771
1310 2470 1386 2531 in
1455 2469 1804 2534 Orientem

303 2569 677 2654 profectum
723 2570 1080 2634 subsistere
1114 2570 1398 2653 'longius
1433 2572 1523 2633 in*
1545 2574 1667 2637 hac
1704 2573 1804 2635 in·

306 2672 446 2736 sula
488 2685 784 2737 eoactum
844 2677 1127 2756 propter·
1172 2671 1599 2755 Agrippinam
1642 2677 1802 2737 uio-

304 2793 488 2851 rem,
551 2791 719 2857 quae
778 2792 930 2836 mox
977 2774 1204 2836 Iuliam
1260 2774 1564 2837 Livillam
1609 2789 1801 2859 partu

308 2875 498 2938 enixa
566 2888 685 2938 est.
795 2874 970 2939 Huic
1027 2875 1403 2939 Germanici
1460 2876 1530 2937 in
1591 2875 1800 2941 insula

306 2996 573 3053 morae,
631 2989 700 3038 et
744 2977 920 3059 quod
962 2990 1109 3041 nata
1152 2977 1251 3039 illi
1290 2975 1465 3061 apud
1508 2998 1580 3041 se
1624 2976 1800 3055 iilia,

301 3076 689 3142 tribuendus
764 3077 1160 3141 Lesbiorum
1220 3078 1290 3141 in
1346 3099 1502 3141 eum
1560 3079 1802 3163 princi-

303 3201 490 3264 pem,
545 3180 819 3263 ejusque
875 3179 1184 3244 familiam
1227 3177 1554 3258 adfectus,
1600 3202 1797 3267 quem

304 3296 372 3346 et
406 3282 659 3366 copiosi
686 3280 866 3344 numi
896 3282 964 3343 in
1000 3280 1192 3363 hujus
1228 3281 1552 3345 bon‘orem
1583 3282 1800 3366 signa-

303 3383 351 3445 ti
392 3384 704 3467 produnt.
793 3382 962 3446 Satis
1017 3381 1218 3466 igitur
1273 3403 1542 3461 causae,
1585 3403 1706 3448 cur
1749 3383 1797 3446 ii

301 3485 675 3548 nniversam
727 3485 1103 3549 Germanici
1158 3486 1465 3549 familiam
1523 3483 1795 3550 honoris

282 3607 492 3650 -causa
580 3586 840 3651 civitate
927 3587 1281 3664 donarent,
1382 3586 1496 3673 qui
1578 3588 1793 3652 honos

299 3687 616 3773 frequens
690 3689 813 3751 fuit
868 3688 935 3751 in
993 3688 1264 3751 urbibus
1320 3687 1620 3766 Graecis,
1677 3711 1792 3755 ne-

300 3811 428 3875 que
488 3789 777 3853 oblatum
843 3790 1170 3874 aspernati
1227 3804 1375 3852 sunt
1430 3811 1658 3875 reges,
1713 3813 1789 3856 ac

295 3892 650 3977 principes.
712 3894 796 3955 At
828 3914 975 3957 cum
1005 3891 1232 3956 Lesbii
1280 3891 1536 3976 origine
1570 3908 1792 3957 essent

295 3997 580 4073 Aeolos,
625 3995 1027 4080 Agrippinae
1064 3994 1339 4056 inditum
1386 4015 1626 4058 nomen
1665 3993 1790 4057 AI-

295 4092 563 4175 ΟΛῙΣ,
627 4099 804 4183 qnod
848 4110 949 4161 est
985 4095 1233 4182 gentile
1282 4093 1641 4158 femineum
1675 4097 1790 4160 du-

295 4213 471 4265 ctum
513 4223 552 4265 a
587 4199 950 4264 masculino
1002 4199 1287 4276 Αιολιος,
1345 4196 1657 4281 cujusque
1687 4216 1793 4260 ac·

296 4300 566 4368 cusandi
625 4322 809 4365 casus
864 4299 1154 4364 flectitur
1196 4299 1263 4361 in
1305 4292 1613 4375 Αιολιὸα,
1675 4297 1790 4364 vel

300 4405 564 4483 Αιολυ,
620 4417 691 4467 nt
740 4403 939 4468 babet
984 4422 1238 4473 numus.
1300 4399 1603 4485 Denique
1644 4419 1790 4462 sen·

301 4506 565 4571 tentiam
641 4505 810 4569 hanc
885 4504 1128 4568 invicte
1201 4503 1443 4567 stabilit
1500 4517 1789 4566 marmor

374 4734 438 4804 a)
466 4730 576 4787 ‘Ad
599 4728 839 4805 Dionys.
868 4727 1094 4805 Perieg.
1126 4747 1180 4785 v.
1198 4733 1322 4793 556.

304 4823 363 4895 e)
402 4819 643 4879 Poeock
674 4819 861 4879 Inscr.
889 4830 1007 4880 ant.
1032 4838 1094 4897 p.
1115 4821 1204 4884 46.
1233 4832 1286 4894 9.

1450 4727 1517 4800 b)
1558 4679 1899 4789 hlamma.
2030 4726 2097 4796 c)
2132 4724 2382 4787 Ann.11.
2413 4733 2502 4788 54.

3275 579 3423 673 21'5

1918 743 2229 809 eximium
2287 749 2623 833 vulgatum
2663 769 2703 812 a
2759 748 3142 815 Muratorio
3168 749 3234 837 ἆ)
3255 797 3275 832 ,
3349 770 3424 820 et

1920 846 2099 931 quod
2141 847 2496 932 plurimum
2540 850 2669 914 hue
2714 848 2909 932 facit,
2961 851 3033 915 in
3072 852 3217 940 ipsa
3247 857 3424 923 Aeo·

1920 947 2010 1013 lia
2043 963 2418 1036 repertum·

2419 1052 2511 1117 Ο.
2540 1049 2908 1119 ΔΗΜΟΣ,

2230 1139 2678 1230 NEPnNA
2706 1150 3132 1220 IOTAION.

2262 1251 2716 1319 ΚΑῙΣΑΡΑ.
2752 1251 3081 1322 ΠΑῙΔΑ.

2205 1349 2475 1420 ΘΕΟΤ.
2511 1351 2790 1417 ΝΕΟΤ.
2816 1352 3155 1421 ΓΕΡΜΑ

2246 1449 2566 1523 ΝΙΚΟΤ.
2597 1452 3096 1522 ΚΑῙΣΑΡΟΣ

2260 1554 2447 1617 ΚΑΙ.
2485 1552 2766 1624 ΘΕΑΣ.
2807 1556 3079 1623 ΑΙΟΛΙ

2314 1651 2527 1723 ΔΟΣ.
2567 1653 3041 1723 ΚΑΡΠΟΦΟ

2190 1749 2411 1821 ΡΑΣ.
2448 1751 3147 1828 ΑΓΡῙΠΠΕῙΝΑΣ.

1923 1857 2215 1920 Marmor
2268 1856 2637 1921 dedicatum
2683 1875 2783 1924 est
2832 1864 3082 1927 Neroni
3119 1865 3418 1946 Caesari,

1928 1958 2011 2021 de
2040 1979 2169 2043 quo
2207 1980 2401 2039 mox,
2444 1959 2582 2025 filie
2616 1962 3028 2044 Germanici,
3073 1980 3141 2031 et
3182 1968 3420 2053 Agrip·

1927 2061 2157 2145 pinse,
2210 2081 2404 2147 quam
2446 2062 2604 2126 item
2658 2085 2947 2130 marmor
2986 2069 3170 2130 numi
3200 2089 3421 2136 exam·

1920 2164 2050 2245 plo*
2065 2157 2410 2225 AIOAIN
2440 2179 2649 2229 vocat.
2691 2163 2986 2232 Marmor
3020 2169 3235 2248 aliud,
3275 2174 3420 2254 My-
3483 2179 3491 2186 '

1918 2264 2275 2328 &lenaeum
2335 2266 2530 2345 item,
2611 2268 2920 2352 perbibet
2957 2267 3416 2337 'MAPKOM

1919 2360 2366 2444 rPANloN.
2399 2366 2670 2435 ΓΑῙΩ.
2716 2367 2951 2433 TION
2992 2408 3019 2425 -
3051 2405 3082 2421 -
3107 2407 3135 2421 ·
3176 2367 3419 2433 PTM·

1900 2461 2785 2536 NAztAPXHEANTA.
2816 2467 3098 2537 ΘΕΑΣ.
3132 2466 3420 2535 ΣΕΒΑ-

1915 2563 2208 2633 ΣΤᾹΣ.
2247 2562 2723 2637 ΑῙΟΛΙΔΟΣ.
2767 2566 3412 2642 ΚΑΡΠΟΦΟΡΩ.

1914 2665 2612 2735 ΑΓΡῙΠΠΕΙΝΑΣ.
2655 2697 2708 2734 κ.
2736 2695 2796 2738 τ.
2830 2676 2892 2733 λ.
2926 2676 3010 2754 ⁶).
3077 2675 3199 2737 Est
3247 2674 3412 2740 haec

1915 2769 2276 2853 Agrippina
2320 2772 2559 2853 prioris
2599 2772 2763 2850 fllia,
2810 2773 3065 2836 Claudii
3099 2795 3295 2852 uxor,
3343 2790 3414 2839 et
3489 2815 3496 2822 ·

1910 2870 2051 2955 ipsa
2078 2892 2373 2956 quoque,
2410 2887 2483 2936 ut
2514 2873 2669 2951 dixi,
2711 2874 3104 2938 Lesbiorum
3144 2877 3406 2941 civitate

1914 2972 2185 3050 donata,
2219 2993 2297 3036 ac
2327 2988 2678 3057 propterea
2706 2973 2874 3037 dicta
2919 2973 3276 3043 ΑῙΟΛΙΣ.

2039 3075 2163 3137 His
2199 3074 2596 3138 Lesbiorum
2655 3078 2868 3140 numis
2927 3074 3095 3142 adde
3138 3085 3412 3143 numum*

1914 3176 2167 3240 Graece
2212 3177 2632 3261 inscriptum,
2690 3199 2919 3244 cusum
2962 3202 2999 3244 a
3042 3182 3405 3304 Leptitanis

1912 3279 2210 3357 Africae,
2240 3300 2407 3364 quos
2433 3279 2561 3347 adi.

2427 3428 2466 3468 0
2637 3381 2677 3421 *
2842 3429 2882 3467 de

1917 3479 2368 3546 Coloniarum.

1922 3597 1925 3606 ·
2034 3581 2246 3665 Hujus
2320 3583 2600 3667 generis‘
2658 3607 2891 3650 numos
2955 3607 3104 3652 cum
3187 3589 3398 3674 eapite

1905 3684 2311 3769 Agrippinae
2385 3699 2649 3752 nostrae
2729 3687 3043 3753 habemus
3115 3691 3401 3775 signatos

1907 3785 2492 3871 Caesaraugustae,
2545 3802 2614 3853 et
2651 3790 2980 3874 Apameae
3029 3793 3396 3877 Bithyniae.

1904 3887 2079 3950 Male
2124 3879 2511 3972 posterioris
2569 3891 2761 3974 hujus
2820 3895 3119 3958 coloniae
3165 3918 3397 3986 numos

1904 3988 2324 4064 Vaillantius‚
2406 4005 2473 4056 et
2536 3995 3029 4079 Havercampus
3102 3998 3398 4063 tribuunt

1904 4089 2283 4176 Carthagini
2324 4091 2617 4172 Africae,
2670 4112 2820 4158 cum
2865 4097 3172 4182 legerent
3222 4101 3297 4166 C.
3346 4103 3393 4163 Ι.

1850 4221 1866 4250 ι
1904 4191 1980 4256 C.
2006 4213 2127 4276 pro
2156 4194 2230 4257 C.
2258 4195 2307 4258 1.
2340 4193 2413 4255 C.
2448 4195 2529 4257 A.
2614 4196 2790 4259 Male
2836 4197 2991 4260 item
3027 4200 3394 4279 Morellius,

1904 4308 1973 4360 et
2014 4296 2504 4377 Havercampus
2559 4294 2749 4378 hujus
2803 4299 3209 4385 Agrippinae
3258 4326 3393 4368 mo-

1901 4409 2093 4461 netae
2150 4396 2450 4460 inserunt
2509 4417 2807 4478 numum,
2869 4402 2937 4463 in
2983 4403 3180 4486 'cujus
3237 4408 3397 4469 anti-

1903 4520 2015 4565 ca:
2050 4498 2545 4565 AGRIPPINA.
2566 4500 2985 4571 AVGVSTA
3014 4505 3082 4567 in
3109 4504 3158 4566 Σ
3191 4507 3394 4573 GEN.

2628 4727 2697 4800 d)
2739 4728 2891 4788 Nov.
2925 4731 3073 4790 thes.
3099 4741 3308 4811 p.228.
3344 4746 3391 4796 Ι.
