4509 5584
1696 482 2122 583 GALBA.

3315 517 3499 634 Qw²

366 680 564 743 numi.
605 679 818 765 gentis
861 677 1176 756 Coeliae·,.
1218 676 1292 739 in
1338 672 1572 760 quibus
1624 675 1854 741 visitur
1946 679 2119 743 'loco
2168 681 2547 747 Morellius‘
2577 683 2752 750 inter
2809 688 3098 759 incertos
3158 699 3461 784 exbibet,⁴

367 781 627 867 signum
665 784 980 859 militare,
1033 779 1138 844 cui
1175 779 1562 861 inscriptum
1596 763 1859 861 HlSpa·s

1969 779 2179 847 adhuc
2217 797 2397 862 sunt,
2443 787 2554 871 qui
2583 790 2828 854 natales
2866 815 3018 857 suos
3053 796 3299 865 Galbae
3338 802 3467 867 im·

367 883 519 961 nia}
580 885 758 965 iuxta
798 904 1088 968 porcas,-
1136 894 1247 943 aut
1298 880 1366 941 in
1419 880 1563 942 aliis
1612 899 1853 963 porcus
1967 875 2159 966 perio
2216 885 2539 965 debeant,
2613 890 2732 953 sed
2782 891 2976 958 dubia
3032 913 3179 964 sunt
3227 923 3492 970 eorum·

367 984 558 1068 signo
593 986 855 1048 militari
894 984 1133 1047 eodem
1167 979 1399 1057 modo,
1451 994 1521 1042 ut
1561 982 1629 1041 in
1666 1000 1856 1064 prae-

367 1100 591 1164 sente,
683 1085 1032 1174 praefixus.
1138 1082 1314 1178 Quid
1399 1080 1577 1167 quod
1659 1080 1862 1165 ipsius

368 1187 690 1265 Cluniae,
734 1209 857 1273 qua
899 1187 967 1248 in
1018 1185 1185 1250 urbe
1235 1182 1522 1246 Galbam-
1553 1182 1866 1246 acclama·

364 1291 516 1352 tn'm'
560 1288 762 1352 fuisse
813 1288 1283 1372 imperatorem
1337 1284 1651 1362 diximus,
1708 1283 1865 1346 insi-

367 1410 503 1475 gne
547 1410 694 1455 esse
738 1409 1042 1473 porcum,
1088 1387 1278 1471 hujus
1319 1384 1502 1449 urbis
1544 1384 1722 1450 numi
1764 1385 1863 1447 lu-

368 1491 634 1556 culente
680 1489 1165 1563 demonstrant,
1220 1487 1293 1549 in
1342 1487 1574 1571 quibus
1616 1485 1685 1548 id
1728 1485 1861 1549 ani·

366 1593 498 1659 mal
553 1594 623 1655 in
676 1612 906 1658 aversa
957 1603 1069 1653 aut
1121 1589 1335 1652 solum
1389 1601 1616 1672 typum
1666 1587 1892 1668 facit,‘

366 1707 477 1759 aut
524 1696 758 1778 saltem
806 1693 1010 1756 instar
1058 1689 1229 1775 signi
1275 1688 1487 1752 incusi
1537 1689 1858 1753 insertum

367 1811 489 1862 est·
543 1793 1115 1860 AdiFlorezium.
1170 1790 1278 1852 Ad
1321 1790 1486 1854 haec
1526 1790 1859 1865 novimus,

369 1918 564 1983 qnam
617 1915 815 1982 saepe
864 1892 1180 1977 Hispania
1229 1894 1297 1955 in
1347 1891 1592 1956 Galbae
1641 1891 1854 1954 numia

353 2011 796 2065 memoretur.
882 1996 1194 2066 Ceterum
1256 1993 1396 2077 ipsa
1456 1992 1666 2057 antica
1725 2006 1858 2057 tam

368 2122 494 2185 per
535 2098 995 2184 epigraphen„
1031 2115 1238 2180 quam2
1275 2106 1512 2176 typum.
1546 2114 1670 2156 nos
1722 2115 1860 2157 mo·

365 2216 518 2281 net,
575 2201 697 2264 bos
733 2219 966 2262 numos
999 2195 1117 2259 sub
1153 2193 1359 2257 Galba
1406 2194 1606 2258 fuisse
1651 2194 1861 2279 signa·

365 2294 507 2382 ios,
564 2324 711 2365 nam
767 2301 845 2362 in'
889 2298 1088 2362 nullis
1131 2295 1399 2360 alterius
1441 2294 1704 2377 imperii
1744 2317 1862 2358 nu·

367 2405 494 2467 mis
537 2401 858 2465 Libertati
908 2401 1085 2484 spica
1131 2396 1461 2460 tribuitur.
1520 2397 1709 2461 Hanc
1749 2419 1861 2463 ve·

366 2524 449 2568 ro
490 2526 530 2567 a
571 2503 792 2567 Galba.
818 2503 1183 2566 restitutam
1227 2518 1356 2581 ope
1407 2499 1660 2560 Martis
1710 2517 1859 2562 cum

372 2606 666 2679 Vltoris,
719 2617 858 2665 tum
896 2602 1290 2665 Adsertor-is
1330 2611 1548 2683 partes
1590 2619 1860 2665 aversae

368 2704 747 2790 loquuntur.
811 2702 1034 2795 Quare
1080 2700 1302 2784 inique
1350 2702 1858 2783 Havercampus,

369 2807 486 2870 ubi
537 2808 605 2868 in
653 2807 774 2870 bos
831 2801 1127 2866 Motellii
1179 2821 1412 2864 numos
1468 2815 1860 2865 commenta·

369 2920 513 2984 tur,
575 2928 691 2972 eos
733 2907 799 2967 in
842 2905 1260 2978 Illvirorum,
1328 2914 1396 2968 et
1433 2900 1710 2985 Augusti
1754 2923 1861 2966 ae·

369 3023 568 3073 tatem
616 3007 911 3072 retrahit.
979 3003 1341 3087 Singularis
1390 3015 1491 3065 est
1540 3003 1734 3066 etiam
1778 3004 1860 3080 is,

372 3130 569 3195 quem
621 3123 956 3192 postremo
1011 3106 1164 3168 loco
1220 3103 1578 3188 descripsi,
1634 3118 1702 3168 et
1745 3105 1858 3190 qui

369 3211 496 3275 fuit
562 3210 721 3274 olim
787 3208 854 3270 in
923 3225 1150 3268 museo
1211 3204 1460 3268 abbatis
1519 3203 1859 3272 Rothelin.

373 3313 446 3375 Si
506 3312 688 3374 numi
748 3307 1223 3393 praecedentes
1287 3325 1436 3369 cum
1498 3307 1857 3392 epigraphe

369 3414 636 3477 MARS.
692 3407 1177 3474 ADSERTOR
1231 3403 1594 3491 imperante
1655 3408 1862 3472 Galba

369 3529 522 3581 sunt
551 3512 823 3598 signati,
862 3509 1128 3572 dubium
1160 3529 1293 3571 non
1329 3507 1621 3586 videtur,
1666 3509 1860 3573 etiam

367 3637 634 3680 numum
704 3611 1088 3694 inscriptum
1155 3611 1651 3679 HERCVLES.
1709 3613 1862 3673 AD.

371 3716 937 3782 SERTOR..cum
972 3710 1205 3775 iisdem
1244 3710 1640 3789 sociandum,
1672 3733 1861 3797 prae·

307 3893 316 3902 ‚
368 3820 565 3903 cipue
599 3839 746 3882 cum
781 3815 928 3898 ejus
953 3813 1091 3896 typi
1127 3814 1523 3896 praeclaram
1557 3813 1861 3897 suppedi-

368 3933 512 3988 tent
529 3919 792 3982 illorum
808 3931 1176 4000 temporum
1197 3915 1597 3999 allegoriam.
1619 3913 1862 4008 Quem·

372 4019 723 4087 admodum
793 4020 968 4084 enim
1028 4016 1355 4081 Hercules
1417 4035 1498 4078 ex
1549 4016 1890 4100 Hispania·

367 4121 585 4186 redux
640 4121 861 4185 occiso
906 4123 1098 4184 Caco·
1128 4120 1381 4181 latrone
1429 4129 1681 4199 septem
1729 4117 1865 4180 col·

368 4226 472 4288 les
520 4223 589 4286 in
630 4223 1001 4286 libertatem
1047 4217 1368 4310 adseruit,
1415 4218 1512 4281 sic
1552 4230 1618 4278 et
1652 4216 1860 4281 Galba

369 4344 455 4389 ex
475 4316 728 4389 'eadem
753 4320 1069 4407 Hispania
1102 4337 1417 4388 reversus
1444 4317 1702 4399 dejecto
1730 4317 1888 4381 Ne·'

365 4446 533 4490 rone
567 4428 843 4490 Romam
877 4423 1110 4487 iisdem
1145 4433 1399 4504 septem
1432 4420 1712 4485 collibus
1743 4421 1862 4483 im-

367 4527 1014 4614 positam-liberavit,
1049 4523 1470 4607 effecitque„
1515 4534 1584 4584 ut
1608 4523 1861 4607 florere
1959 4601 1966 4606 ι

366 4632 669 4694 Fortuna
710 4632 783 4691 P.
820 4628 901 4690 R.
941 4627 1182 4690 iterum
1217 4627 1560 4711 inciperet.

500 4730 705 4794 Forte
742 4728 917 4794 inter
944 4745 1177 4793 numos
1209 4727 1395 4807 illos,
1431 4747 1593 4815 quos
1623 4723 1879 4790 eodem.

1969 985 2271 1065 criteria,
2308 1001 2376 1050 et
2403 989 2695 1070 Vitellii,
2739 994 3145 1086 aliorumque
3183 1003 3466 1090 impera·

1973 1100 2191 1151 torum
2227 1089 2420 1153 aetati
2454 1111 2588 1155 non
2621 1113 3026 1182 repugnant..

2196 1345 2200 1350 ,
2331 1271 2544 1340 Numi
2582 1282 3119 1349 restitutionum.-

2102 1387 2193 1452 Hi
2236 1409 2671 1462 recensentur
2713 1400 2784 1462 in
2830 1415 3105 1469 tractatu
3148 1405 3477 1492 singulari»

1975 1488 2060 1554 de
2111 1493 2324 1557 numia
2372 1494 2565 1580 hujus
2607 1500 2865 1585 classis,
2921 1524 3118 1590 quem
3163 1507 3469 1577 dedimus

1971 1590 2304 1658 volumine
2341 1596 2424 1664 VT.

2230 1776 2435 1846 Numi
2476 1789 2825 1855 commatis
2857 1796 3217 1876 peregrini.

2097 1896 2423 1982 Perpauei
2453 1899 2523 1964 id
2557 1923 2763 1986 genus
2797 1910 2979 1973 numi
3011 1926 3288 1997 propter
3317 1916 3474 1984 Gal-

1971 1994 2095 2062 bae
2129 1995 2336 2067 breve
2371 1998 2961 2089 imperinmadbuc
2995 2014 3262 2100 cogniti,
3291 2034 3475 2086 sunt·

2019 2119 2135 2162 nee

1974 2119 2018 2184 q
2100 2203 2503 2294 populorum
2546 2207 2906 2277 liberorum
2920 2240 2945 2280 .·

2105 2303 2525 2368 Antiochiae
2548 2307 2820 2391 Syriae.-
2852 2313 3042 2382 Em.
3060 2317 3503 2394 MOTKIAe‘

1972 2396 2192 2463 N-OT.
2237 2399 2842 2481 ΑΝΤῙΟΧΕΩΝ.
2887 2417 3037 2486 ΕΤ.
3081 2422 3252 2488 ΖΙΡ.
3299 2430 3501 2510 (Mai

1973 2502 2182 2583 relli.)
2216 2502 2301 2567 de
2334 2525 2462 2589 quo
2492 2529 2695 2584 numo,
2723 2513 2802 2575 ad
2840 2520 3288 2589 stabiliendam
3325 2531 3474 2612 ejus

1974 2603 2156 2665 urbis
2205 2607 2522 2688 epocham
2578 2614 2820 2680 eximie
2872 2622 3117 2690 valido·
3145 2627 3214 2689 in
3273 2630 3471 2715 hujus

1975 2702 2157 2766 urbis
2192 2722 2455 2773 moneta
2490 2714 2764 2796 egimus.

2109 2807 2328 2889 Cypri.
2403 2811 2612 2895 Hujus
2655 2819 2836 2883 numi
2878 2822 2989 2886 alii
3046 2848 3193 2891 cum
3251 2832 3465 2915 capite

1974 2903 2220 2967 Galbae
2291 2906 2766 2981 inscribuntur:
2856 2923 3239 2991 KOINON.
3308 2928 3489 2995 ΚΤ»

1972 2999 2318 3074 ΠΡΙΩΝ.
2366 3007 2689 3082 GTOTC.
2732 3020 2817 3085 A.
2882 3026 3108 3108 (Vaill.
3139 3032 3481 3116 Mon-elli.)

1970 3104 2059 3168 At
2110 3106 2178 3167 in
2232 3110 2363 3173 ah’o
2419 3114 2709 3198 Haymii:
2782 3122 3013 3203 (Thes.
3054 3131 3227 3198 Brit.
3264 3133 3345 3197 Τ.
3384 3137 3483 3202 11..

1973 3227 2037 3290 p.
2099 3228 2184 3273 m.
2254 3214 2430 3295 245.)
2529 3218 2909 3289 KOINON.
2986 3227 3481 3304 ΚΤΓΙΡΙΩΝ.Δ

1979 3306 2302 3377 ΕΤΟΤΟζ
2337 3312 2415 3379 Β.
2466 3317 2780 3385 Eruditus
2820 3326 3038 3392 editor
3074 3351 3221 3394 cum
3255 3356 3481 3399 annos·

1973 3408 2164 3526 binos
2203 3433 2604 3499 componere
2647 3444 2795 3486 cum
2840 3442 3095 3513 septem
3139 3435 3464 3499 mensium

1973 3514 2255 3595 imperio
2296 3520 2633 3603 nequiret,
2685 3524 2767 3587 ad
2808 3545 3126 3617 concepta
3171 3556 3296 3619 pro
3342 3551 3485 3603 sta·-

1972 3611 2223 3677 bilitate
2288 3616 2549 3703 imperii
2611 3624 2855 3693 Galbae
2931 3647 3080 3697 vota
3149 3635 3465 3723 confugit.

1973 3715 2121 3777 Non
2165 3715 2447 3782 advertit
2485 3725 2769 3790 animum
2813 3731 2894 3794 ad
2941 3756 3172 3801 numos
3215 3737 3481 3804 Galbae·
3608 3709 3615 3716 ·

1971 3816 2487 3931 Ajlexandrinos,
2537 3847 2814 3910 quorum
2848 3833 3078 3916 alii,A,
3122 3838 3233 3901 alii
3260 3842 3316 3902 Β
3356 3863 3467 3926 pa·-

1972 3919 2507 4101 'gafahau'
2564 3929 2685 3995 sed
2730 3933 2911 4017 cujus
2955 3937 3314 4020 explicatus
3356 3961 3484 4006 co·-

2110 4125 2537 4188 Coloniarum
2584 4129 2765 4192 numi
2808 4132 2879 4196 bi
2921 4156 3182 4221 quoque
3229 4160 3313 4204 ex
3360 4160 3466 4207 ea·
3558 4170 3562 4175 ·

1975 4221 2127 4286 dem
2172 4244 2362 4288 causa
2407 4225 2561 4290 rari.
2621 4230 2956 4300 Habemus
2989 4238 3293 4322 Babbae,
3326 4233 3483 4310 'Co‘

1973 4323 2208 4404 limbi,
2249 4326 2611 4392 Patrarum.

2104 4429 2574 4495 Alexandrini
2609 4432 2820 4499 minus
2856 4437 3009 4504 rariz

2334 4611 2698 4682 Nomina
2766 4605 3126 4688 Galbaess.

2100 4726 2385 4798 Praeter·
2424 4732 2557 4818 jam
2603 4740 2864 4822 cognita
2913 4740 3133 4810 Servii
3179 4748 3471 4833 Sagvicii

2801 4841 2858 4903 P
2903 4864 2943 4927 p
2989 4862 3026 4905 α

1747 5205 2201 5325 ΡΘἈΜΟῌΕΑ

1830 5324 2179 5378 ΟΧΡΟΒΟ

1815 5417 2196 5498 ΜυεΕυὮΛ
