4509 5584
1012 524 1106 593 52

1028 682 1315 745 Gnaeum
1373 692 1709 758 augurem.
1773 673 1859 734 At
1911 692 2059 736 eum
2116 670 2245 736 hcc
2306 692 2518 737 sacer-

1025 779 1208 845 dotio
1250 776 1452 843 fuisse
1494 776 1850 859 insignem,
1922 795 2059 838 non
2097 774 2297 838 modo
2341 789 2523 842 vete.

1029 900 1178 945 rum
1237 900 1434 947 nemo
1479 875 1800 962 prodidit,
1874 875 1995 940 sed
2034 897 2253 964 neque
2297 897 2381 941 ex
2422 875 2518 939 in-

1028 984 1253 1061 stituto
1310 984 1791 1055 Romanorum,
1861 993 1930 1042 et
1979 999 2103 1064 per
2160 980 2332 1063 ipsas
2374 980 2515 1061 ejus

1027 1083 1344 1169 temporis
1400 1104 1622 1146 causas
1684 1103 1829 1145 esse
1893 1080 2124 1165 potuit.
2209 1079 2518 1146 Enimve-

1026 1207 1107 1249 ro
1164 1200 1271 1248 aut
1330 1199 1515 1268 patre
1567 1183 1757 1261 vivo,
1831 1197 1941 1246 aut
1997 1196 2260 1245 mortuo
2301 1182 2372 1243 iu
2413 1205 2521 1245 au·

1028 1308 1260 1373 gurum
1305 1284 1678 1372 conlegium
1707 1285 1938 1352 fuisset
1972 1297 2327 1368 cooptatus.
2371 1285 2520 1347 Non

1030 1402 1213 1472 patre
1262 1388 1454 1466 vivo,
1533 1409 1677 1451 nam
1739 1407 1824 1451 ex
1883 1388 2222 1450 luculento
2287 1385 2520 1449 Dionis

1026 1490 1440 1567 testimonio,
1504 1488 1679 1574 quod
1735 1503 1940 1552 totum
1985 1488 2050 1549 in
2094 1487 2305 1549 numia
2349 1488 2521 1549 Len·

1026 1592 1151 1655 mli
1195 1590 1569 1675 Spintheris
1606 1590 1911 1668 recitavi,
1952 1590 2064 1652 lex
2107 1603 2335 1672 aperte
2370 1608 2521 1671 pro-

1028 1692 1320 1769 hibebat,
1360 1715 1445 1757 ne
1492 1692 1623 1756 duo
1667 1712 1751 1756 ex
1793 1715 1919 1757 una
1964 1704 2161 1777 gente
2202 1689 2381 1752 idem
2423 1710 2521 1753 sa·

1030 1794 1397 1859 cerdotium
1439 1796 1780 1859 haberent.
1852 1795 2084 1862 Vtrum
2130 1791 2197 1854 in
2240 1793 2363 1856 hac
2409 1791 2523 1854 ob-

1030 1897 1346 1962 servanda
1390 1897 1542 1961 satis
1586 1916 1850 1979 semper
1897 1894 2249 1979 diligentes
2279 1892 2525 1956 fuerint

1028 1999 1337 2076 Romani,
1406 2020 1539 2062 non
1608 1997 1894 2084 inquiro.
1993 1995 2174 2059 Istud
2231 2009 2523 2073 certum,

1024 2122 1160 2163 non
1226 2121 1581 2165 occurrere
1639 2100 2013 2185 exemplum
2069 2119 2217 2182 rep.
2262 2098 2522 2182 integra

1033 2206 1213 2284 (nam
1287 2201 1463 2265 aliud
1537 2202 1759 2288 paullo
1813 2216 1963 2287 post
2014 2199 2522 2283 imperatoribus

1030 2304 1303 2389 placuit)
1386 2303 1736 2377 sacerdotii
1797 2301 2085 2378 duobus,
2146 2301 2376 2365 saltem
2439 2321 2525 2365 ex

1037 2405 1271 2470 eadem
1331 2405 1635 2483 familia‚·
1672 2402 1868 2469 simul
1923 2402 2088 2469 vivis
2144 2403 2380 2481 delati,
2440 2402 2525 2467 de

1037 2528 1168 2593 quo
1230 2509 1385 2589 lege
1444 2506 1877 2569 disserentem
1955 2504 2222 2589 copiose
2280 2504 2530 2569 Norisi·

1034 2630 1145 2671 um
1179 2609 1260 2691 ⁸).
1328 2609 1640 2694 Sequitur
1682 2626 1887 2691 ergo,
1947 2605 2252 2691 quamdiu
2313 2606 2380 2668 in
2437 2605 2530 2670 vi-

1037 2713 1138 2775 vis
1195 2712 1320 2775 fuit
1373 2707 1961 2795 pater‚,quoniam
2022 2708 2170 2786 hic,
2235 2721 2309 2770 ut
2367 2706 2530 2769 dixi·

1039 2836 1227 2891 mus,
1280 2834 1489 2896 augur
1528 2810 1655 2896 jam
1699 2809 1852 2888 suit,
1907 2808 1976 2871 in
2020 2806 2229 2872 filium
2274 2808 2532 2874 confer·

1038 2916 1099 2978 ri
1156 2928 1537 3000 auguratum
1595 2933 1728 2976 non
1786 2909 2100 2997 potuisse.
2192 2911 2283 2974 At
2326 2909 2538 2978 videri

1041 3017 1249 3102 possit
1309 3016 1482 3081 caesi
1539 3012 1740 3100 patris
1798 3015 2118 3101 honorem
2178 3011 2322 3097 ipse
2387 3011 2538 3076 ade-

1042 3135 1215 3204 ptus.
1321 3118 1472 3213 Quo
1551 3115 1982 3180 conferente?
2058 3129 2240 3179 certe
2297 3135 2430 3178 non
2485 3116 2533 3174 1.

1045 3223 1357 3296 Caesare,
1433 3220 1615 3303 cujus
1673 3219 1789 3280 ille
1833 3217 2135 3281 inimicus
2177 3217 2346 3294 fuit,
2405 3215 2542 3301 qui-

1047 3344 1173 3406 que
1225 3320 1535 3402 deinceps
1565 3318 1854 3382 honores
1884 3339 2112 3382 omnes
2147 3317 2265 3394 iis,
2310 3318 2422 3402 qui
2454 3316 2538 3379 de

1045 3445 1117 3487 se
1160 3422 1330 3485 bene
1362 3420 1583 3486 meriti
1617 3422 1806 3483 fuere
1830 3465 1848 3497 ,
1893 3419 2205 3503 elargitus
2249 3431 2376 3482 est.
2416 3419 2554 3478 Er-

1049 3547 1135 3609 go
1173 3525 1228 3587 si
1269 3535 1460 3611 caput
1496 3520 1664 3584 illud
1693 3535 1793 3585 est
1825 3521 2025 3584 Cnaei
2055 3519 2208 3597 filii,
2257 3518 2415 3604 quid
2456 3516 2538 3583 ad

1054 3648 1202 3690 cum
1257 3624 1501 3687 lituus?
1587 3623 1687 3687 sin
1743 3643 1876 3686 non
1923 3637 2023 3685 est
2065 3621 2255 3705 hujus
2298 3620 2535 3699 Gnaei,

1056 3727 1238 3812 cujus
1301 3725 1481 3790 erit?
1554 3723 1777 3789 Ardua
1836 3742 1981 3801 res,
2058 3723 2308 3801 fateor,
2367 3722 2542 3785 hunc

1058 3828 1317 3903 amoliri
1359 3825 1642 3911 lapidem
1668 3872 1687 3905 ‚
1731 3825 1855 3890 etsi
1895 3824 2086 3888 nihili
2127 3824 2181 3888 is
2224 3824 2412 3888 labor
2451 3824 2547 3888 vi-

1053 3952 1162 3995 sus
1220 3932 1694 4012 Havercampo.
1787 3928 1920 3992 Sed
1967 3927 2224 4011 facile,
2298 3926 2543 4010 inquit,

1056 4033 1325 4116 dispelle·
1342 4042 1563 4114 potest
1590 4030 1757 4091 llaec
1782 4029 2083 4108 objectio·
2113 4031 2310 4092 Patre
2330 4030 2546 4092 Gnaeo

1054 4136 1362 4217 defuncto
1383 4130 1597 4195 honor
1624 4133 1753 4193 iste
1775 4130 2201 4194 conveniebat
2225 4132 2443 4203 Gnaeo
2469 4144 2546 4195 ut

1036 4235 1199 4323 filio
1230 4233 1472 4314 majori
1488 4277 1507 4310 ‚
1554 4234 1828 4313 ideoque
1856 4235 1949 4294 ad
1972 4231 2386 4315 ejusfaciem
2412 4236 2546 4316 st'g·

1059 4350 1262 4403 natus
1290 4358 1333 4399 a
1359 4334 1610 4408 Sext03
1683 4335 1903 4398 Gnaeo
1946 4335 2163 4396 occiso
2202 4332 2391 4394 heres
2424 4353 2545 4417 pa-

1061 4441 1240 4501 terni
1295 4437 1572 4499 honoris
1630 4447 1781 4499 erat
1850 4434 2119 4499 Sextus.
2185 4433 2540 4518 Eugepae!

1046 4684 1059 4689 “
1135 4673 1199 4742 a)
1247 4649 1455 4724 Cenot.
1478 4664 1595 4723 Pis.
1629 4666 1769 4724 diss.
1798 4666 1872 4727 ΙΙ.
1903 4685 1955 4725 c.
1976 4681 2030 4730 7.

1064 4768 1127 4832 e)
1166 4760 1228 4816 L.
1254 4757 1515 4816 XLVIII.
1545 4756 1593 4829 9.
1623 4759 1711 4820 36.

2250 4668 2323 4740 b)
2367 4666 2583 4743 Philip.
2610 4668 2770 4728 xm.
2801 4688 2854 4728 c.
2879 4682 2931 4734 5.

1920 4758 1983 4830 οἱ)
2023 4754 2169 4813 Bell.
2200 4756 2314 4812 civ.
2342 4756 2405 4813 L.
2430 4757 2504 4817 V.
2534 4776 2584 4814 c.
2603 4769 2693 4820 72.

2102 498 2340 575 SEX.
2401 498 3028 578 POMPEIVS.

2634 693 2797 761 ergo
2849 670 3212 738 sacerdotia
3251 683 3324 736 ut
3367 669 3770 737 hereditates
3815 670 3896 737 ad
3944 671 4113 737 filios

2629 773 3027 852 transivere,
3085 786 3405 860 atque‘ut
3451 774 3521 836 iu
3569 794 3820 839 nomen
3861 776 4119 861 Magni,

2631 877 2726 940 sic
2762 891 2829 940 et
2863 876 2932 941 in
2960 870 3308 961 auguratus
3338 875 3663 940 honorem
3697 876 3957 963 utrique
3977 877 4117 939 filio

2626 978 2728 1062 jus
2764 978 2937 1042 fuit?
2997 980 3112 1041 Sin
3149 977 3366 1051 istud,
3403 999 3528 1041 cur
3555 998 3832 1045 necesse
3864 978 3990 1042 fuit
4020 979 4124 1055 Ci-

2634 1081 2900 1158 ceroni,
2975 1079 3225 1144 hortari
3279 1080 3600 1166 populum
3648 1082 3776 1158 B„
3835 1094 3908 1144 ut
3963 1081 4123 1144 Sex-

2633 1195 2770 1246 tum
2813 1182 2882 1246 in
2924 1202 3242 1266 augurum
3287 1181 3664 1266 conlegium
3699 1195 4121 1265 cooptarent,

2637 1286 2695 1348 si
2733 1303 2860 1370 per
2897 1282 3100 1347 Cnaei
3141 1283 3366 1347 fratris
3407 1297 3691 1348 mortem
3738 1296 4118 1369 auguratum

2632 1387 2761 1473 jam
2791 1385 2990 1451 adivit
3016 1383 3131 1481 ιζ)ἰ)
3176 1386 3414 1453 Vtrum
3453 1386 3621 1450 haec
3660 1386 3920 1469 longius
3951 1386 4126 1448 resu-

2635 1488 2863 1567 tanda}
2898 1486 3097 1549 Addit
3130 1487 3469 1550 continuo:
3505 1486 3783 1551 Sextum
3818 1510 3949 1550 non
3981 1501 4127 1552 tat.-

2635 1602 2779 1651 tum
2826 1609 3182 1670 augurem,
3224 1592 3343 1651 sed
3382 1601 3451 1651 et
3487 1587 4128 1674 pontfficemfitisse.

2634 1688 2848 1766 Novi,
2925 1687 3276 1773 antiquitus
3335 1690 3596 1775 quoque
3639 1702 3989 1776 utrumque
4034 1713 4131 1753 sa-

2636 1788 3004 1855 cerdotium
3046 1789 3161 1852 uni
3216 1788 3566 1876 eidemque
3627 1790 3932 1856 delatum.
4022 1792 4132 1855 Sic

2639 1892 2723 1987 Q.
2767 1891 3005 1955 Fabius
3075 1892 3434 1970 Maximus,
3513 1892 3606 1972 is,
3683 1895 3796 1979 qui
3858 1894 4136 1957 Cuncta·

2636 2008 2743 2058 tor
2802 1993 3013 2057 dictus
3073 2007 3210 2071 est,
3269 2016 3396 2059 una
3438 2017 3687 2079 augur,
3755 2018 3882 2059 una
3922 1996 4136 2081 ponti-

2635 2096 2749 2159 fex
2807 2094 2931 2158 fuit
2971 2108 3140 2158 teste
3184 2096 3379 2161 Livio
3417 2099 3496 2179 θ).
3584 2100 3688 2160 An
3732 2088 3895 2162 vero
3940 2111 4007 2162 et
4051 2097 4140 2160 si·

2636 2197 2793 2260 mile
2835 2197 2936 2281 jus
2983 2197 3267 2261 delatum
3316 2198 3470 2261 Sex.
3513 2199 3888 2284 Pompeio?
3951 2199 4131 2290 Quid

2637 2297 2814 2385 quod
2862 2300 3098 2362 Sextus
3140 2320 3356 2385 neque
3402 2322 3644 2386 augur,
3713 2323 3932 2388 neque
3974 2323 4135 2386 pon·

2638 2404 2804 2466 tifex
2861 2423 3144 2485 unquam
3207 2401 3358 2478 fuit,
3430 2417 3540 2466 aut
3583 2425 3792 2489 augur
3834 2410 4137 2488 esse'po-

2642 2505 2785 2570 tuit.
2872 2502 3219 2567 Miz-abitur
3260 2502 3436 2566 istud
3473 2507 4004 2591 Havercampus‚
4069 2520 4138 2568 et

2645 2607 2756 2691 qui
2785 2605 2951 2670 haec
2992 2605 3419 2669 inconsultius
3449 2605 3841 2685 adseruere,
3886 2605 4005 2672 sed
4041 2607 4133 2671 fa-

2643 2709 2770 2773 cile
2817 2707 3200 2771 sententiam
3245 2705 3596 2773 tuebimur.
3663 2708 3896 2774 Fuisse
3941 2731 4141 2795 augu-

2641 2832 2819 2889 rem,
2866 2810 3142 2894 probant
3178 2830 3260 2873 ex
3296 2810 3620 2873 Cicerone
3653 2809 3755 2895 ἃ).
3800 2815 3872 2876 ia
3897 2816 4142 2897 primis

2638 2925 2996 2999 paternum
3028 2923 3401 2994 auguratus
3432 2912 3649 2975 locum
3668 2958 3689 2996 9
3730 2915 3801 2975 in
3831 2934 3959 2995 quo
3991 2934 4142 2976 eum

2650 3014 2988 3096 (Sextum)
3036 3035 3183 3077 mea
3225 3017 3683 3077 nominatione
3733 3014 4146 3079 GOOPTA·

2651 3118 2801 3179 ΒΟ.
2902 3116 3007 3176 An
3068 3135 3231 3178 vero
3301 3113 3495 3177 etiam
3559 3128 3691 3178 tum
3752 3118 4141 3202 cooptatus?

2654 3218 2771 3281 Sin
2813 3216 3230 3300 istud,‘quae
3273 3236 3463 3279 causa
3504 3213 3667 3293 fuit,
3724 3238 3843 3280 cur
3885 3217 3949 3281 ei
3993 3239 4148 3303 qua·

2655 3317 2955 3391 driennio
3019 3317 3265 3395 serius,
3341 3331 3415 3380 ut
3473 3339 3626 3381 mox
3678 3319 3965 3401 patebit,
4041 3341 4152 3381 au-

2657 3432 2922 3504 guratus
2981 3406 3501 3484 decerneretur?
3577 3421 3657 3487 V.
3703 3420 3778 3486 C.
3822 3423 3948 3506 715
3992 3440 4149 3485 con·

2654 3536 2923 3590 ventum
2965 3520 3139 3585 inter
3183 3523 3488 3598 Sextum,
3532 3534 3601 3585 et
3642 3522 3942 3600 Illviros3
3988 3521 4150 3587 Sex-

2655 3641 2793 3690 tum
2825 3624 3044 3689 ὖπατον
3071 3645 3142 3686 τε
3169 3622 3516 3704 άιρεθηναι,
3557 3648 3657 3684 και
3699 3620 3975 3700 detonsa»
3999 3623 4151 3688 ἀπο-

2661 3723 3028 3813 δειχθηναι,
3072 3727 3409 3789 consulem
3443 3729 3702 3801 creari,
3740 3738 3807 3787 et
3830 3746 4148 3808 augurem

2659 3828 3242 3904 DESIGNARI‚
3308 3841 3382 3890 ut
3422 3839 3642 3891 narrat
3671 3825 3801 3889 Dio
3834 3827 3925 3909 Θ),
3972 3826 4149 3912 quod

2656 3931 2833 3995 idem
2890 3931 2993 3992 his
3044 3927 3264 3993 verbis
3298 3927 3626 4011 Appianus
3659 3927 3870 3992 refert
3909 3925 3997 4008 ί).
4049 3951 4152 3989 και

2658 4056 2771 4108 της
2798 4055 3073 4117 μαγις-ης
3094 4034 3409 4109 leeg-<cavum
3432 4026 3498 4103 ἔς
3524 4052 3663 4104 τους
3692 4033 3886 4109 trecas
3910 4026 4150 4116 ἔγγρα-

2623 4145 2880 4215 .φηναι,
2939 4144 3007 4196 et
3071 4143 3150 4194 ut
3206 4134 3386 4194 inter
3432 4129 3870 4213 pontificatus
3932 4134 4151 4199 maxi·

2659 4237 2754 4297 mi
2798 4235 3178 4297 sacerdotes
3224 4246 3665 4316 coaptaretur.
3736 4230 3938 4325 Quod
3986 4251 4148 4296 vero

2656 4353 2790 4397 non
2835 4333 3048 4398 statim
3088 4347 3426 4416 cooptatus
3474 4346 3611 4410 est,
3657 4332 3728 4395 in
3767 4353 3962 4397 causa
4008 4332 4155 4398 fue·

2655 4435 2781 4510 rit,
2860 4434 3038 4520 quod
3097 4438 3332 4519 plenus
3389 4435 3520 4519 jam
3585 4446 3761 4499 esset
3829 4455 4151 4519 augurum

3154 4672 3216 4744 c)
3239 4670 3305 4728 L.
3334 4668 3517 4735 XXX.
3548 4689 3600 4729 c.
3623 4670 3710 4735 26.
3755 4686 3762 4691 ·
3932 4670 4003 4747 d)
4041 4670 4082 4732 l.
4102 4692 4156 4734 c.
