4509 5584
844 531 1127 604 ‘2214

929 2991 933 3000 .
952 2931 1368 3016 adversando
1409 2927 1497 3011 ¹’).

974 709 1105 775 que
1151 683 1467 750 trucidari
1508 681 1786 767 juberet.
1866 680 2028 747 lude
2075 680 2355 762 factum,
2398 697 2471 749 ut

972 807 1201 852 omnes
1230 787 1314 863 ii,
1359 786 1469 870 qui
1515 805 1598 849 eo
1647 786 2011 867 imperante
2047 786 2326 849 aliorum
2357 807 2470 850 cu-

966 890 1224 976 piditati
1268 887 1619 962 obstitere,
1665 885 1858 950 facile
1898 887 2155 969 objecta
2187 888 2267 951 ab
2306 909 2463 952 uxo-

964 993 1182 1069 ribus,
1225 1004 1335 1053 aut
1376 987 1631 1051 libertis
1666 989 2038 1074 suspicione
2082 990 2462 1054 insidiarum

965 1117 1004 1160 e
1057 1092 1280 1158 medio
1344 1090 1762 1157 tollerentur.
1861 1093 2195 1177 Stuporis,
2241 1113 2316 1158 ac
2360 1113 2463 1155 so·

965 1195 1229 1261 cordiae
1273 1196 1541 1277 copiosa
1579 1194 1783 1258 edidit
1816 1196 2207 1279 specimina,
2275 1215 2463 1278 prae-

963 1299 1157 1384 cipue
1211 1319 1363 1362 cum
1411 1297 1478 1357 in
1528 1316 1805 1361 censura
1843 1297 2030 1383 leges
2071 1297 2285 1361 ferret
2325 1298 2463 1360 ine-

962 1401 1321 1486 ptissimas,
1379 1411 1489 1461 ant
1544 1419 1661 1462 eos
1724 1420 1927 1485 quos,
1993 1401 2216 1463 necari
2257 1400 2463 1483 jusse-

962 1518 1101 1585 rat,
1160 1504 1455 1590 priorum
1519 1502 1762 1565 oblitus
1804 1502 2121 1585 postridie
2166 1500 2248 1564 ad
2308 1521 2494 1576 coe·⁴

960 1628 1112 1670 nam
1169 1618 1454 1671 vocaret.
1560 1607 1849 1669 Innatam
1910 1618 2126 1666 tamen
2193 1624 2456 1689 quoque

958 1709 1186 1774 habuit
1232 1706 1607 1787 saevitiem3
1685 1727 1835 1770 nam
1907 1707 2162 1769 nullum
2208 1707 2454 1789 gratius

957 1813 1059 1876 illi
1103 1810 1587 1897 spectaculum,
1633 1831 1825 1894 quam
1870 1807 2098 1875 videre
2143 1806 2454 1892 gladiato-

955 1936 1070 1981 res
1116 1913 1356 1978 mutuis
1400 1910 1671 1989 ictibus,
1714 1911 1825 1978 vel
1864 1934 1902 1973 a
1941 1909 2165 1972 bestiis
2202 1909 2455 1987 laniari,

954 2037 1321 2100 eorumque
1380 2011 2250 2092 morientiummiserabiles
2311 2013 2455 2077 vul-

954 2135 1058 2184 tus
1104 2119 1332 2183 videre
1365 2118 1443 2198 ⁸).
1513 2116 1765 2183 Verum
1819 2134 1898 2178 ea
1942 2111 2152 2176 libido
2204 2111 2289 2175 ad
2324 2112 2458 2195 gla-

956 2221 1246 2286 diatores
1309 2232 1590 2294 tantum,
1666 2229 1735 2280 et
1798 2215 2091 2299 abjectos
2151 2213 2454 2278 homines

953 2323 1175 2390 valuit.
1259 2323 1520 2385 Revera
1597 2339 1731 2380 non
1788 2314 2264 2385 destituebatur
2319 2315 2455 2379 ani-

953 2425 1046 2490 mi
1089 2425 1313 2500 bonis,
1380 2434 1521 2486 erat
1563 2440 1691 2483 non
1754 2417 2092 2494 indoctus,
2155 2417 2454 2482 historia-

955 2549 1106 2592 rum
1138 2527 1280 2610 ipse
1316 2522 1602 2606 scriptor
1639 2541 1771 2584 non
1808 2520 2149 2602 inelegans
2174 2562 2190 2593 ,
2234 2518 2355 2583 sed
2390 2532 2457 2583 et

952 2628 1079 2692 ltac
1122 2629 1190 2690 in
1243 2639 1427 2712 parte
1492 2620 1794 2705 inep‘tivit
1830 2619 2176 2702 'alphabeti
2228 2621 2454 2688 literas

954 2752 1077 2795 seu
1116 2751 1318 2794 novas
1354 2721 1913 2790 comminiscendo
1937 2766 1955 2798 ,
1999 2741 2120 2783 seu
2165 2722 2452 2806 antiqua-

953 2846 1051 2895 tas
1127 2828 1539 2906 reducendo,
1624 2841 1693 2891 et
1752 2824 1899 2887 usui
1960 2822 2126 2886 adeo
2181 2823 2449 2907 publico

1602 2928 1854 2991 *Mentis
1917 2925 2300 3003 erectioris,
2371 2946 2447 2991 ac

953 3035 1439 3120 perseverantis
1478 3031 1718 3094 indicia
1755 3028 1947 3091 sucre
1984 3027 2153 3092 adita
2185 3028 2267 3091 ab
2302 3030 2447 3111 ipso

951 3138 1321 3211 Britannia,
1366 3135 1745 3216 bellumque
1792 3142 2085 3213 gestum,
2143 3130 2447 3213 ingentes

952 3254 1181 3323 portus
1242 3236 1565 3302 Ostiensis
1608 3231 2190 3316 ,substructionem
2267 3233 2446 3297 lacus

928 3329 1186 3405 ‘Fucini
1243 3338 1680 3418 emissarium,
1750 3333 2184 3418 aquaeductus
2227 3334 2297 3396 in
2341 3358 2447 3397 ur·

951 3444 1103 3507 bem
1162 3441 1480 3525 perfecti,
1551 3459 1633 3503 ex
1696 3458 1825 3522 quo
1886 3439 2091 3521 patuit
2150 3438 2444 3501 futurum

953 3546 1155 3609 fuisse
1202 3562 1579 3625 magnarum
1619 3561 1842 3604 rerum
1876 3560 2011 3604 non
2044 3538 2446 3622 incapacem,

953 3648 1013 3710 si
1045 3646 1241 3728 digna
1268 3643 1565 3727 principe
1587 3687 1605 3719 ,
1638 3641 1759 3707 sed
1791 3642 1873 3706 a'd
1905 3641 2083 3727 quod
2115 3640 2445 3723 fastigium

954 3749 1312 3811 destinatus
1338 3765 1664 3830 nunquam
1702 3746 1948 3822 fuerat,
1988 3743 2307 3806 institutio
2339 3761 2443 3808 ao-

955 3850 1284 3916 cessisset.

1081 3943 1185 4016 De
1245 3949 1591 4026 uxoribus,
1654 3962 1724 4013 et
1786 3947 2015 4022 liberis
2074 3959 2311 4029 agetur
2351 3946 2446 4008 in·

954 4053 1407 4221 ἴω.Ροιηιὀιιιί
1445 4152 1640 4237 hujus
1686 4150 1837 4213 anni
1870 4148 2055 4214 numi
2082 4150 2251 4214 certi
2283 4149 2444 4214 mibi

955 4261 1186 4348 ignoti.

952 4535 959 4544 ·
1023 4599 1084 4664 ι)
1125 4593 1286 4650 Suet.
1315 4600 1472 4654 msa.
1511 4589 1626 4646 Dio
1662 4583 1863 4647 L.LX.
1889 4597 1975 4651 13.

946 4684 1070 4742 tici.
1233 4689 1291 4749 c)
1329 4678 1730 4754 Ann.111.69.
1889 4676 1960 4752 d)
1986 4677 2197 4737 .1..1„X.
2226 4681 2389 4749 §35-

950 4776 1019 4846 h)
1058 4772 1121 4832 in
1148 4770 1331 4848 vesp.
1367 4789 1415 4828 ε.
1432 4783 1487 4844 9.
1637 4769 1688 4844 i)
1725 4769 1860 4829 Dio.
1890 4767 2000 4826 Le.

2148 4769 2215 4842 k)
2253 4770 2374 4827 Sat.
2397 4768 2499 4840 Vl.
2529 4771 2656 4842 ⁶²9·

2104 539 2113 542 *
2212 514 2360 588 GL
2380 515 2615 591 AVD
2641 516 2846 593 ivs,

3030 690 3253 753 Divus
3293 692 3638 764 Claudius.

2855 856 3149 930 DIVVS.
3249 857 3716 929 CLAVDIVS.
3800 860 4080 934 AVGV.
4135 901 4163 919 .

2855 957 3097 1026 STVS.
3148 960 3363 1044 Caput,
3398 959 3800 1026 laureatum.

2576 1075 2719 1140 Ex.
2747 1074 2814 1139 S.
2846 1077 2918 1141 C.
2950 1078 3186 1160 (etiam
3208 1082 3353 1143 sine
3377 1082 3787 1165 epigraphe.)
3821 1084 4079 1151 Tlmua

2570 1200 2622 1278 'a
2656 1181 3004 1262 quadrigis
3040 1199 3359 1262 equorum
3412 1194 3653 1247 tracta.
3731 1185 3877 1252 AV.
3932 1189 4073 1256 AR.

2578 1282 2782 1359 (Mus.
2814 1281 3040 1364 Caes.)

2704 1400 3100 1464 Auctoribus
3155 1402 3383 1466 Tacito
3430 1405 3527 1485 Φ),
3594 1404 3812 1469 Dione
3861 1406 3965 1489 d),
4010 1422 4079 1475 et

2571 1497 2791 1564 Plinio
2837 1504 2897 1585 θ)
2934 1502 3262 1569 coelestes
3299 1505 3572 1569 Claudio
3605 1508 3898 1573 honores
3919 1531 4072 1575 mox

2571 1601 2652 1664 ab
2716 1604 2857 1687 ejus
2913 1605 3096 1682 obitu
3139 1606 3393 1672 decreti
3447 1622 3616 1675 sunt.
3702 1613 3792 1674 At
3837 1612 4070 1682 Sueto·

2567 1704 2715 1771 nius
2774 1701 2862 1791 ὓς
2896 1709 3277 1772 Funeratus
3306 1723 3407 1772 est
3423 1715 3687 1776 solenni
3693 1716 4072 1798 priucipum

2557 1829 2803 1892 pompa
2825 1854 2843 1888 ,
2900 1824 2967 1873 et
2990 1816 3065 1875 in
3108 1830 3448 1875 numerum
3481 1817 3753 1879 deorum
3779 1817 4073 1898 relatus,

2572 1929 2763 1989 quem
2786 1913 3098 1974 honorem
3120 1932 3163 1973 a
3181 1909 3442 1976 Nerone
3458 1918 3859 1981 destitutum
3871 1961 3893 1998 ‚
3922 1922 4074 1985 abo·

2569 2010 2896 2093 licumque
2945 2017 3161 2098 recepi
3163 2029 3191 2078 t
3232 2034 3391 2079 moa:
3422 2036 3543 2097 per
3570 2021 4074 2103 Vespasianum.

2575 2110 2775 2204 Quod
2822 2114 3059 2212 mirum
3102 2114 3439 2196 videatur3
3512 2139 3661 2182 nam
3708 2142 3841 2186 non
3874 2123 4076 2188 modo

2571 2214 2752 2278 Nero
2802 2216 2871 2277 in
2920 2216 3491 2304 inscriptionibus,
3552 2234 3621 2283 et
3673 2225 3889 2288 numis
3933 2248 4104 2314 pas·-

2570 2314 2692 2378 sim
2723 2315 2963 2381 dicitur
2997 2322 3166 2384 Divi
3205 2321 3478 2383 Claudia·
3483 2320 3726 2408 filius,
3774 2327 3896 2390 sed
3929 2329 4070 2413 ipse

2571 2418 2923 2483 Suetonius
2990 2420 3055 2482 in
3136 2423 3403 2486 Nerone
3451 2425 3530 2503 ὅ)
3587 2426 3710 2501 ait,
3795 2429 3878 2492 ab
3938 2431 4067 2497 boc

2573 2518 2914 2584 Claudium
2941 2524 3429 2605 apparatissimo
3453 2526 3688 2591 funere
3713 2527 3918 2596 fuisse
3938 2533 4071 2598 ela·

2573 2634 2747 2699 tum,
2791 2622 3155 2704 laudatum,
3202 2623 3889 2698 CONSECRATVM.
3965 2637 4066 2695 ln·

2566 2724 2875 2809 telligere
2935 2746 3100 2811 ergo
3149 2724 3411 2794 videtur
3443 2728 3732 2796 honores
3770 2734 4063 2819 reliquos

2567 2824 2910 2903 decretos,
2959 2829 3534 2913 intermissosque,
3589 2852 3664 2896 ac
3705 2837 4059 2922 praecipue

2566 2930 2881 3012 templum
2936 2932 3019 2996 D.
3058 2930 3311 2995 Claudii
3364 2946 3670 3016 coeptum
3715 2935 3796 2999 ab
3828 2941 4063 3026 Agrip·

2563 3029 2743 3114 pina,
2787 3031 2907 3094 sed
2940 3055 2975 3096 a
3005 3034 3271 3097 Nerone
3306 3031 3596 3100 funditus
3628 3037 4061 3120 destructum,

2564 3132 2742 3214 quod
2791 3133 3071 3198 subinde
3126 3134 3533 3199 aedificatum
3576 3159 3610 3201 a
3653 3141 4056 3226 Vespasiano

2561 3233 2738 3297 idem
2756 3235 3108 3300 Suetonius
3138 3251 3356 3300 narrat
3383 3237 3475 3318 1Ι).
3517 3241 3670 3303 Non
3704 3243 3825 3305 alia
3853 3249 4056 3330 magis

2562 3339 2972 3401 consecratio
3013 3338 3259 3423 majore
3293 3337 3375 3402 ab
3399 3339 3563 3425 ipsis
3597 3346 3861 3410 coaevis
3894 3347 4061 3411 ludi·

2559 3435 2706 3500 brio
2738 3453 3014 3524 excepta
3049 3440 3191 3505 fuit.
3267 3444 3450 3510 Nero
3475 3444 3755 3510 lethales
3785 3448 4057 3516 Claudio

2565 3537 2825 3603 boletos
2882 3544 3153 3605 deorum
3214 3566 3432 3609 escam
3478 3546 3732 3613 solebat
3774 3556 4059 3642 appella·

2561 3662 2637 3704 re
2662 3639 2729 3726 ·ῐ)
2754 3655 2782 3720 ,’
2820 3655 2887 3706 et
2922 3644 3243 3709 luvenalis
3291 3645 3389 3729 k):

2871 3745 3110 3811 Mittas
3151 3767 3311 3831 erga
3355 3771 3596 3813 nocens
3638 3757 3770 3817 erit
3810 3759 4052 3840 Agrip·

3480 3856 3683 3934 pinas-

2690 3948 3004 4026 Boletus‚
3055 3953 3376 4031 siquidm
3412 3961 3616 4019 unius
3658 3965 4058 4040 praecordia

3475 4064 3725 4138 pressit

2686 4153 2814 4215 Ille
2834 4156 3032 4229 senis,
3072 4155 3560 4238 tremulamque,
3574 4142 4063 4242 camden-eq.

3487 4262 3637 4322 dere
3664 4262 3874 4341 jussit

2245 4588 2320 4664 b)
2358 4587 2530 4668 διιεῖ,
2550 4599 2706 4652 ιω.
2765 4588 2954 4646 Tacit.
2985 4592 3142 4647 Anu.
3163 4587 3261 4650 xl.
3295 4604 3395 4658 13,
3421 4603 3480 4649 at
3507 4604 3737 4652 veteres
3763 4614 4051 4670 gramnat

2552 4683 2616 4752 e)
2655 4680 2873 4757 Pane-g.
2902 4699 2952 4738 c.
2979 4694 3061 4741 ιι.
3219 4681 3269 4750 f>
3310 4680 3558 4758 Capdts·

3721 4691 3785 4761 s)
3829 4687 4049 4763 etr-9·
