4509 5584
1558 548 2207 623 TRAIANVS.

330 713 573 796 subigit
623 728 853 780 exacto
906 714 1368 781 Parthamasiri
1413 715 1692 793 Partho,
1748 729 1822 780 et

326 816 653 900 imposito·
678 814 983 901 praeside
1016 818 1335 884 Romano.
1425 820 1821 902 Transgres-

323 938 437 981 sus
474 916 544 979 in
590 918 1128 1002 Mesopotamiam
1176 919 1379 983 multa
1429 920 1669 1007 oppida
1720 940 1822 984 ca-

316 1018 456 1103 pit,
488 1031 559 1083 et
593 1018 956 1085 Parthicus
984 1042 1024 1085 a
1061 1018 1374 1089 militibus
1406 1020 1645 1088 dicitur
1675 1024 1758 1105 ⁸).

314 1225 402 1287 A.
605 1222 783 1286 ῙΜΡ.
899 1220 1321 1290 TRAIANO.
1438 1223 1809 1290 OPTIMO.

602 1321 805 1391 AVG.
869 1321 1071 1391 GER.
1126 1323 1326 1387 DAC.
1388 1326 1464 1387 P.
1484 1330 1618 1392 Μ.
1670 1328 1807 1388 TR.

3283 570 3428 641 452

1954 785 1981 806 ο
2063 716 2195 779 His
2215 726 2496 779 cunctae
2508 716 2724 780 simul
2744 718 3091 783 adsensere
3109 722 3431 800 cohortes,

1977 817 2347 899 Elatasque
2363 817 2505 880 alte
2524 836 2950 899 quaeeunque
2967 824 3076 894 ‚fld
3110 824 3287 887 bella
3329 846 3432 889 vo-

3039 938 3222 989 caret
3242 968 3262 1002 ‚

2059 1019 2437 1085 Promisere
2467 1038 2726 1085 manus.

2221 1124 2292 1187 V
2287 1132 2318 1181 t
2346 1121 2454 1184 lit.
2479 1121 2573 1219 (9.

1928 1222 2128 1286 REX.
2172 1221 2615 1290 PARTHVS.
2679 1223 3053 1299 Imperator
3093 1229 3170 1290 in
3195 1247 3429 1311 sugge-

1926 1339 2037 1389 stu
2073 1326 2349 1400 sedens,
2402 1328 2520 1387 cui
2556 1327 2783 1389 adstat
2818 1328 3198 1407 praefectus
3239 1350 3432 1412 prae-

598 1425 674 1488 P.
750 1424 967 1507 Caput
1004 1420 1379 1501 radiatum,
1427 1431 1503 1491 in
1537 1427 1696 1489 AV.
1743 1440 1811 1488 et
1923 1430 2146 1507 torio3
2194 1429 2270 1489 in
2308 1429 2444 1489 imo
2494 1444 2616 1489 rex
2655 1424 2955 1488 ,Parthus
2992 1430 3304 1510 supplex,
3360 1446 3429 1494 et

601 1525 764 1589 AB.

272 1625 393 1693 ,8.
599 1626 775 1711 me.
831 1626 1075 1694 cans.
1125 1628 1329 1693 NER.
1386 1627 1806 1695 TRAIANO.

596 1725 969 1792 οΡΤιΜο.
991 1727 1196 1799 Avo.
1228 1728 1431 1798 Gna.
1449 1731 1651 1794 Dae.
1690 1731 1812 1793 ca-

594 1840 719 1909 put
747 1831 1125 1897 laureatum
1144 1876 1163 1908 ‚
1194 1833 1266 1894 in
1291 1834 1451 1896 AV.
1494 1847 1567 1895 et
1590 1834 1751 1898 AR.

308 1930 391 1996 C.
594 1929 773 1995 ῙΜΡ.
837 1932 1084 1998 CAES.
1141 1932 1343 1999 NER.
1387 1932 1812 2000 TRAIANO.

326 2054 335 2063 ’
600 2030 978 2100 OPTIMO.
1058 2033 1265 2103 AVG.
1336 2033 1535 2098 GER.
1604 2036 1808 2102 DAG.

598 2133 678 2200 Ρ.
719 2136 813 2199 Μ.
866 2136 1007 2199 ΤΒ.
1059 2136 1137 2199 Ρ.
1195 2136 1385 2203 Cos.
1436 2138 1550 2207 Vl.
1592 2138 1671 2204 P.
1730 2138 1809 2202 Ρ.

603 2233 839 2319 Capul
888 2236 1296 2320 laureatum,
1387 2242 1460 2299 in
1516 2239 1673 2303 AE.
1719 2240 1808 2315 J.‚
1844 2237 1883 2251 ‘⁵

593 2338 800 2398 etiam
829 2339 1169 2399 radiatum
1203 2341 1277 2401 in
1311 2339 1470 2402 AE.
1500 2338 1595 2403 II.

441 2436 638 2499 Numi
672 2438 766 2500 sic
797 2436 1095 2524 inscripti
1129 2452 1265 2501 tum
1299 2439 1380 2503 ad
1414 2453 1669 2525 partem
1702 2463 1805 2505 an·

1923 1527 2260 1590 militibus
2328 1527 2802 1591 circumdatus.
2903 1527 3048 1595 AV.
3125 1532 3427 1614 (Morelli

1925 1626 2210 1709 specim.
2249 1647 2316 1709 p.
2343 1626 2449 1705 5q.
2479 1625 2786 1694 Vaillant.
2824 1629 3180 1713 spanheim
3229 1635 3309 1699 Τ.
3345 1636 3424 1698 11.

1924 1748 1992 1811 p.
2031 1728 2214 1807 580.)
2292 1727 2592 1790 Similem
2646 1728 2788 1794 ΔΕ.
2818 1731 2867 1792 1.
2922 1732 3180 1813 profert
3227 1734 3423 1799 etiam

1924 1828 2313 1901 Vaillantins
2346 1827 2415 1890 in
2446 1830 2639 1894 Num.
2679 1844 2922 1919 praest.

2008 1978 2015 1985 .
2055 1932 2406 1997 Praeclare
2441 1951 2711 1995 numum
2761 1932 2936 1997 hunc
2977 1934 3298 2020 explicat,
3357 1951 3428 2002 et

1926 2030 2211 2099 illustrat
2240 2032 2590 2099 Morellius
2621 2052 2704 2098 ex
2736 2034 2954 2101 Dione
2987 2051 3305 2104 narrante·
3327 2041 3423 2123 ο),

1926 2132 2238 2201 Armenia
2279 2135 2408 2201 hoc
2459 2155 2631 2203 anno
2673 2152 2860 2219 capta
2915 2138 3420 2205 Parthamasirin

1927 2236 2068 2318 ejus
2099 2255 2330 2319 regem
2369 2256 2450 2299 ex
2491 2236 2947 2301 Arsacidarum
3000 2242 3312 2326 sanguine
3342 2244 3424 2307 ad

1927 2339 2192 2422 Traiani
2234 2338 2638 2423 colloquium
2682 2338 3055 2409 admissum.
3159 2344 3424 2410 Sedisse

1923 2461 2048 2523 pro
2089 2439 2404 2505 tribunali
2442 2440 2945 2524 imperatorem,
3004 2457 3075 2507 et
3109 2445 3427 2511 acceden-

308 2538 386 2607 ni
415 2538 913 2621 praecedentis,
960 2561 1042 2603 ex
1070 2562 1213 2624 qno
1256 2543 1510 2626 Optimi
1545 2542 1806 2606 titulum
1902 2554 2059 2605 tem
2109 2542 2617 2607 Parthamasirin
2691 2542 2988 2608 diadema
3036 2544 3163 2610 sibi
3211 2546 3423 2612 detra-

310 2642 637 2724 'I‘rajanns
672 2640 1037 2725 adoptavit,
1097 2656 1231 2707 tum
1273 2641 1353 2706 ad
1389 2659 1807 2725 praesentem
1924 2658 2100 2707 ctum
2150 2642 2233 2707 ad
2277 2644 2543 2727 Traiani
2605 2644 2812 2726 pedes
2862 2647 3181 2729 posuisse.
3269 2646 3421 2742 Quo

304 2740 666 2826 pertinent.
749 2747 999 2807 Tamen
1027 2759 1378 2828 sequentes
1422 2745 1505 2809 ad
1535 2768 1806 2823 annum,

308 2846 381 2906 in
411 2866 539 2930 quo
570 2866 826 2922 sumus,
870 2858 1057 2910 certo
1083 2846 1445 2912 referendi.

603 2951 673 3010 V
668 2960 697 3010 t
725 2947 834 3010 lat.
859 2948 954 3010 A.

1921 2743 2097 2808 facto
2128 2742 2275 2808 cum
2312 2744 2668 2813 clamorem
2707 2745 2947 2809 milites
2985 2749 3417 2825 sustulissent,

1923 2845 2103 2930 quod
2157 2865 2390 2930 regem
2467 2845 2847 2908 Arsacidam
2915 2850 3148 2911 Pacori
3207 2848 3418 2913 filium

1912 2945 2282 3010 adstantem
2312 2946 2453 3010 sine
2483 2945 2850 3012 diademato
2879 2950 3062 3013 velut
3087 2951 3418 3033 captivum

308 3048 1037 3120 IMPERATOR.-V1L
1079 3051 1449 3132 Imperator
1477 3051 1707 3114 sedens
1732 3054 1806 3115 in
1919 3047 2257 3125 viderent,
2291 3068 2524 3133 regem
2561 3050 2988 3130 perterritum
3032 3070 3102 3114 se
3145 3071 3420 3117 conver·

300 3165 625 3234 suggestu
673 3153 1100 3215 adstantibus
1138 3154 1399 3224 duabus
1445 3152 1611 3215 aliis·
1622 3150 1806 3236 figu-

303 3258 433 3326 ris,
496 3251 681 3334 infra
736 3253 993 3317 milites
1038 3274 1187 3317 oum
1235 3257 1451 3335 signis
1488 3254 1804 3317 militari·

300 3354 459 3429 bus,
536 3372 813 3432 quorum
882 3354 1099 3436 aliqui
1156 3375 1403 3420 ,manus
1452 3354 1798 3418 attollunt.

303 3455 454 3520 AV.
496 3454 695 3536 (Mus.
733 3454 962 3539 Caes.)

590 3558 684 3618 Vt
714 3557 823 3619 lit.
848 3555 919 3623 C.
1126 3596 1141 3611 -

298 3656 853 3733 IMPERATOR.
877 3660 1051 3727 Vm.
1077 3658 1148 3720 in
1168 3658 1364 3723 aliis:
1404 3657 1608 3723 vnn.
1630 3657 1701 3724 S.
1723 3657 1795 3722 C.

310 3762 536 3844 Typus
562 3762 833 3825 similis.
882 3760 1014 3825 ΑΕ.
1050 3760 1099 3820 1.
1146 3758 1345 3839 (Mus.
1385 3760 1609 3840 Caes.)

426 3861 663 3925 Fuisse
718 3861 1065 3944 Traianum
1117 3859 1247 3929 hoo
1293 3881 1462 3925 anno
1516 3861 1794 3946 impera-

300 3979 521 4030 torem
559 3963 704 4029 Vll.
765 3976 833 4025 et
886 3963 1093 4049 vm..
1157 3960 1225 4024 hi
1272 3963 1455 4027 numi
1495 3984 1795 4048 compro-

296 4067 476 4131 bant.
531 4065 637 4128 De
668 4062 1108 4129 lx.·nonaihi1
1144 4063 1384 4146 ambigi
1407 4078 1658 4148 potest,
1707 4066 1791 4129 de

248 4182 263 4187 ·
304 4189 441 4252 qno
490 4163 790 4232 videatu‘r
832 4165 1033 4242 infra,
1096 4187 1226 4249 quo
1269 4168 1423 4231 loco
1474 4166 1557 4232 de
1599 4168 1790 4232 titulo

296 4273 767 4353 imperatoris,
822 4281 891 4332 et
935 4289 1124 4332 causa
1168 4268 1532 4333 iterationis
1581 4290 1788 4354 agam.

296 4376 528 4460 Typus
553 4369 793 4437 offert
775 4384 1238 4455 mperatorem
1262 4392 1414 4436 suos
1440 4370 1793 4458 adloquen-

296 4491 441 4540 tem
479 4471 759 4551 milites,
800 4486 869 4537 et
902 4473 1138 4537 horum
1166 4494 1293 4538 una
1323 4473 1718 4538 adsensum
1696 4498 1792 4559 Ju-

301 4592 417 4643 xta
452 4577 555 4655 id,
600 4574 774 4661 quod
806 4553 1048 4640 indicat
1078 4576 1380 4640 Lucanus
1406 4574 1504 4661 b):

371 4786 435 4857 a)
471 4784 586 4840 Dio
620 4783 686 4840 L.
709 4781 969 4845 LXVIII.
1000 4786 1048 4857 §.
1071 4793 1138 4848 18
1167 4802 1291 4859 seq.

1437 4781 1509 4854 h)
1548 4782 1613 4839 L.
1632 4786 1679 4840 ἱ.
1702 4803 1755 4841 v.
1775 4785 1899 4848 386.

1920 3150 2077 3213 tisse
2097 3194 2115 3226 ‚
2148 3151 2333 3216 velut
2368 3150 2480 3233 qui
2516 3148 2832 3233 effugium
2858 3154 3414 3236 circumspiceret.

1918 3249 2171 3318 Verum
2204 3250 2317 3327 ubi
2344 3273 2414 3313 se
2446 3251 2724 3314 militum
2760 3273 3003 3319 corona
3039 3268 3293 3339 septum
3328 3257 3418 3321 vi-

1919 3349 2050 3425 dit,
2093 3351 2517 3436 deprecatum
2553 3354 2791 3432 fuisse,
2836 3377 2920 3419 ne
2967 3357 3122 3440 qnid
3171 3359 3417 3420 in-tur-

1916 3453 1998 3517 ba
2025 3454 2247 3521 dicere
2274 3469 2629 3539 cogeretur
2657 3471 2784 3522 etc.
2829 3462 2931 3521 En
2962 3480 3219 3524 omnem
3247 3460 3414 3524 hanc

1915 3555 2360 3621 narrationem
2388 3557 2471 3621 ad
2497 3559 2679 3621 numi
2711 3558 3062 3645 imaginem
3095 3576 3411 3628 exactam.

1916 3650 2281 3743 Imperator
2329 3680 2454 3743 pro
2523 3661 2866 3740 tribunali,
2939 3684 3059 3726 rex
3132 3664 3411 3748 supplex

1907 3759 2150 3845 absque
2180 3760 2589 3838 diademate}
2637 3763 2748 3828 vel
2785 3764 2983 3840 tiara,
3031 3779 3095 3826 et
3126 3766 3270 3857 ipse
3314 3766 3409 3827 di-

1907 3877 2051 3926 ctus
2076 3864 2283 3926 REX.
2318 3865 2735 3931 PARTHVS
2754 3909 2771 3939 ‚
2809 3866 2947 3930 sive
2971 3864 3173 3948 quod,
3204 3879 3278 3929 ut
3309 3888 3406 3931 as-

1904 3978 2168 4029 severat
2218 3952 2385 4039 Dio,
2450 3985 2535 4028 ex
2586 3966 2899 4047 sanguine
2943 3966 3400 4030 Arsacidarum

1904 4065 2051 4142 fnit,
2092 4066 2230 4132 sive
2271 4064 2448 4149 quod
2482 4066 2676 4149 pulso
2709 4067 3016 4129 Exedere
3046 4066 3399 4132 Armeniae

1906 4189 1945 4231 a
1972 4168 2225 4230 Parthis
2263 4186 2402 4255 re3.
2417 4167 2603 4231 datus
2631 4179 2733 4230 est
2751 4208 2769 4241 ,
2803 4180 2876 4228 ut
2904 4165 3038 4228 dixi
3059 4167 3128 4229 in
3160 4169 3403 4232 annali·

1904 4268 2027 4333 bns
2056 4267 2206 4332 anni
2236 4267 2723 4352 praecedentis;
2760 4266 2968 4332 adstat
3002 4267 3204 4333 etiam
3234 4269 3402 4333 mili-

1904 4385 2042 4434 tum
2072 4382 2319 4436 corona
2345 4370 2547 4433 Dioni
2579 4384 2960 4437 memorata.
3021 4372 3166 4437 Hae
3194 4371 3398 4457 igitur

1874 4475 2260 4558 -peristases
2351 4493 2578 4539 omnes
2665 4472 3114 4538 consentiente
3198 4475 3394 4540 etiam

1907 4576 2309 4662 spanhemio
2324 4574 2618 4640 Morellii
2645 4575 2962 4659 judicium
2989 4577 3119 4641 rite
3157 4579 3393 4643 confir-

2050 4787 2111 4856 ο)
2151 4783 2213 4842 1..
2236 4782 2494 4841 vam.
2530 4786 2575 4856 §-
2598 4797 2682 4857 19.
