4509 5584
1628 566 2309 671 ·Avcvswvs

422 760 599 825 olim
669 743 1081 835 consulatum·
1152 762 1362 829 inivit.
1476 764 1661 832 Vixit
1732 784 1933 829 annos

436 864 701 931 Lxxv.
740 885 1001 929 menses
1027 866 1106 931 X.
1152 864 1294 928 dies
1324 865 1561 931 XXVI.
1595 869 1676 948 ⁸).

564 963 689 1031 Vir
716 964 840 1028 fuit
872 967 1120 1051 maguis
1153 967 1499 1031 virtutibus
1536 968 1930 1053 spectabilia,

437 1076 507 1130 et
552 1086 718 1151 quae
772 1066 999 1129 habuit
1044 1068 1233 1148 vitia,
1292 1070 1386 1134 sic
1443 1069 1715 1133 fuerunt
1764 1085 1931 1133 tem·

431 1182 691 1253 perata,
766 1181 837 1231 ut
892 1168 1023 1231 feri
1081 1184 1369 1255 possent.
1457 1171 1705 1237 Occiso
1739 1170 1929 1235 ‘lulio

434 1289 584 1332 cum
624 1264 1057 1353 principatum
1104 1270 1288 1336 adire
1338 1273 1552 1336 statim
1601 1293 1734 1335 non
1781 1294 1930 1358 pos-

434 1384 569 1449 set,
628 1370 923 1435 aemulos
968 1372 1283 1456 tantisper
1343 1395 1606 1459 passus,
1663 1374 1929 1439 tandem

429 1470 813 1549 tolerantia,
906 1473 1396 1554 moderatione,
1469 1476 1669 1541 armis
1740 1497 1934 1560 supe·

425 1573 573 1638 rior
613 1574 915 1639 omnibus
978 1577 1216 1653 evasit,
1269 1577 1482 1666 iisque
1538 1592 1649 1642 aut
1703 1577 1924 1655 victis,

427 1690 537 1740 aut
594 1676 901 1740 abdicare
980 1680 1221 1742 coactis
1296 1702 1506 1766 remp.
1558 1682 1739 1745 vario
1812 1700 1931 1742 no·

428 1779 644 1856 mine,
715 1791 901 1842 aucta
965 1783 1342 1863 quotannis,
1415 1804 1492 1859 ac
1561 1781 1767 1865 magis
1822 1779 1935 1843 fir-

428 1892 599 1943 mata
646 1879 940 1962 potentia
995 1881 1075 1944 ab
1112 1905 1284 1947 anno
1344 1886 1426 1953 V.
1458 1885 1530 1959 C.
1582 1884 1711 1968 723
1766 1882 1927 1967 ipsis

427 1974 855 2066 quadraginta
898 1998 1176 2067 quatuor
1214 1985 1396 2050 annis
1444 1986 1622 2050 solus
1678 1985 1925 2060 tenuit,

428 2097 500 2147 et
566 2083 1045 2162 monarchiam,
1120 2107 1310 2171 quam
1383 2089 1432 2149 1.
1512 2089 1753 2152 Caesar
1814 2080 1926 2148 'in-

420 2184 720 2262 choavit,
762 2184 906 2269 ipse
948 2184 1235 2272 denique
1271 2191 1638 2266 constituit,
1688 2209 1764 2252 ea
1803 2187 1927 2251 sal·

418 2288 796 2350 te‘m'causa
845 2286 1127 2371 imperio
1168 2291 1251 2355 R.
1300 2292 1684 2367 salutarem,
1747 2289 1925 2375 quod

420 2387 552 2453 isto
604 2387 766 2467 sibi,
820 2388 1241 2475 libertatique
1294 2413 1450 2457 suae
1497 2393 1736 2456 relicto
1775 2391 1925 2454 lieri

420 2492 557 2552 non
605 2504 900 2574 poterat,
964 2492 1122 2577 quin
1187 2493 1403 2557 omnia
1453 2507 1730 2579 propter
1794 2494 1928 2576 pri-

420 2604 723 2659 vatorum
771 2583 1161 2678 potentiam,
1225 2615 1424 2680 opes,
1480 2609 1926 2680 contemptum

420 2691 684 2779 legum,
739 2715 814 2759 sc
855 2696 1309 2771 ambitionem,
1355 2696 1550 2762 fatale
1588 2698 1757 2782 reip.
1795 2720 1929 2762 ma-

420 2795 595 2876 lum,
642 2788 906 2880 pessum
938 2799 1142 2877 irent,
1194 2819 1358 2885 quae
1391 2797 1638 2884 cot-rigi
1677 2800 1923 2878 omnia,

421 2895 549 2961 nisi
580 2902 714 2961 uno
758 2899 1159 2983 imperante,
1218 2922 1351 2964 non
1402 2915 1695 2985 possunt.
1786 2901 1924 2964 lam

420 3018 584 3063 vero
630 3000 810 3086 quod
856 3004 1095 3088 exigua
1148 3004 1429 3087 primum
1465 3023 1618 3088 spe,
1676 3001 1920 3067 deinde

420 3100 598 3165 inter
659 3102 1105 3186 inpedimenta
1163 3105 1542 3188 gravissima
1596 3126 1764 3168 unus
1816 3100 1925 3168 re-

420 3222 566 3265 rum
611 3206 859 3288 potitus
924 3221 1060 3282 est,
1126 3205 1303 3270 istud
1358 3208 1549 3270 unius
1616 3206 1919 3270 fortunae

406 3302 622 3368 {uisse
685 3325 879 3389 opus,
941 3306 1250 3372 viderunt
1295 3308 1440 3387 alii,
1483 3323 1552 3373 et
1595 3309 1739 3392 ipse
1788 3308 1925 3371 for·

420 3416 615 3470 tunae
670 3421 1013 3491 acceptum
1062 3409 1229 3473 tulit.
1287 3410 1447 3492 Ejus
1501 3431 1655 3473 sane
1710 3430 1922 3487 causa,

422 3506 636 3593 inquit
680 3510 785 3575 tir
837 3533 1124 3575 summus
1179 3492 1570 3575 Plutarchus
1611 3508 1716 3592 ¹³),
1796 3509 1922 3575 etsi

417 3609 598 3674 aliud
662 3611 950 3692 vellent,
1039 3613 1276 3677 Cicero
1360 3613 1644 3696 primum
1708 3632 1921 3695 remp.

420 3709 713 3776 consiliis
765 3714 899 3777 suis
941 3715 1152 3788 rexit,
1216 3713 1510 3797 Lepidus
1555 3714 1919 3779 exercitum

416 3813 665 3892 tenuit,
714 3812 925 3879 Pansa
956 3815 1146 3893 vicit,
1203 3817 1459 3881 Hirtius
1514 3815 1582 3878 in
1627 3816 1765 3881 acie
1809 3837 1916 3881 ce·

421 3915 619 3996 cidit,
669 3931 737 3981 et
768 3920 1093 3982 Antonius
1131 3921 1341 3983 amori
1389 3918 1659 3987 vacavit.
1735 3918 1913 4014 Quin

418 4032 489 4084 et
532 4020 982 4104 Cleopatram,
1037 4020 1279 4106 inquit,
1328 4020 1396 4082 in
1434 4022 1737 4085 Caesaris
1779 4021 1917 4085 for-

415 4134 573 4187 tuna
636 4141 845 4205 pono,
923 4122 993 4185 in
1057 4143 1249 4208 quam
1330 4121 1511 4186 velut
1569 4112 1910 4208 scopulum

388 4224 694 4309 ’impegit
737 4244 1024 4287 summus
1062 4222 1458 4308 imperator,
1509 4238 1585 4287 ut
1622 4223 1910 4313 denique

414 4326 596 4419 solus
643 4338 924 4390 restaret
971 4326 1235 4393 Caesar.
1324 4324 1548 4420 Quare
1600 4347 1750 4391 cum
1797 4347 1914 4393 ne·

415 4434 644 4514 potem
693 4428 915 4490 Caium
976 4426 1058 4491 ad
1108 4427 1356 4490 bellum
1420 4428 1716 4493 Orientis
1766 4431 1914 4493 mit·

414 4543 632 4607 teret,
694 4528 761 4592 ei
814 4528 1269 4593 fortitudinem
1330 4529 1696 4621 §cipionis,
1767 4554 1911 4617 gra-

413 4632 563 4697 tiam
616 4630 961 4716 Pompeji,
1028 4650 1207 4694 suam
1256 4653 1418 4697 vero
1459 4632 1659 4718 ipsius
1704 4633 1913 4698 fortu-

482 4842 547 4913 n)
586 4840 726 4898 Dio.
877 4837 950 4911 b)
991 4838 1066 4896 de
1098 4840 1259 4899 Fort.
1290 4839 1462 4898 Rom.
1495 4839 1563 4898 L.
1587 4838 1659 4897 ll.
1695 4859 1755 4917 p.
1777 4849 1902 4906 318.

3426 617 3562 695 11«)

2036 768 2195 828 ‘nam
2261 779 2562 850 precatus
2622 778 2744 832 est.
2831 754 3271 848 Principatum
3340 767 3554 850 primo

2045 888 2169 950 per
2226 867 2353 931 vim
2407 881 2695 952 partum,
2752 886 2904 928 mox
2943 888 2977 928 a
3032 848 3404 931 volentibus
3445 867 3559 931 de-

2044 968 2243 1030 latum
2291 968 2563 1054 egregie
2617 967 3123 1043 administravit,
3189 968 3284 1030 sic
3343 983 3417 1030 ut
3455 989 3561 1033 se·

2044 1069 2301 1133 cut-itati
2351 1070 2649 1154 publicae
2704 1067 3000 1132 stabilitis
3043 1068 3332 1153 legibus,
3370 1090 3557 1134 coer-

2045 1170 2191 1234 citis
2257 1169 2722 1247 seditionibus,
2796 1170 3159 1254 repressis,
3223 1184 3336 1234 aut
3414 1192 3561 1235 ser-

2042 1271 2186 1336 vire
2273 1271 2515 1335 coactis
2592 1268 2884 1335 externis
2946 1271 3243 1335 hostibus
3306 1273 3551 1354 optime

2044 1374 2459 1453 consuleret,
2512 1384 2818 1456 essetque
2865 1372 3009 1458 ejus
3046 1374 3399 1458 imperium
3444 1394 3555 1439 re·

2046 1473 2426 1538 notissimis
2490 1473 2687 1536 etiam
2765 1474 3069 1558 gentibus
3130 1469 3550 1540 formidatum

2044 1596 2253 1662 aeque
2307 1595 2382 1639 ac
2432 1574 2834 1643 venerabile.
2922 1577 3029 1639 Ad
3087 1578 3263 1641 bella
3319 1596 3553 1662 geren-

2048 1679 2133 1742 da
2182 1677 2452 1754 habilis,
2540 1695 2772 1740 eorum
2826 1690 3043 1741 tamen
3092 1679 3356 1742 felicem
3415 1679 3557 1743 exi-

2047 1791 2189 1842 tum
2261 1779 2514 1842 alienae
2581 1777 2788 1863 magis
2859 1778 3085 1844 virtuti
3153 1776 3544 1864 plerumque

2049 1877 2300 1945 debuit.
2384 1879 2722 1946 Victoriae
2763 1872 3202 1964 Philippensis
3251 1882 3391 1945 laus
3436 1902 3550 1964 pe-

2039 2001 2162 2044 nes
2216 2001 2419 2044 unum
2469 1983 2562 2046 M.
2619 1981 3011 2059 Antonium,
3071 1981 3227 2046 victi
3277 1981 3549 2066 praeliis

2038 2081 2375 2146 navalibus
2434 2081 2588 2147 Sex.
2633 2083 2966 2165 Pompeii,
3051 2096 3120 2145 et
3149 2081 3231 2146 ad
3286 2083 3549 2145 Actium

2041 2183 2312 2246 Antonii
2363 2202 2563 2265 penes
2612 2204 2810 2246 unum
2857 2183 3003 2247 fere
3041 2187 3134 2250 M.
3176 2183 3542 2281 Agrippam

2041 2286 2239 2348 stetit.
2328 2288 2400 2347 Iu
2441 2285 2772 2349 Dalmatas
2821 2287 2994 2350 victo
3039 2287 3360 2369 Pompeio
3402 2285 3543 2373 ipse

2043 2387 2260 2464 duxit,
2312 2407 2387 2450 ac
2441 2389 2653 2450 serius
2701 2387 2768 2449 in
2814 2387 3206 2464 Cantabros,
3264 2406 3430 2471 quae
3477 2385 3544 2450 ei

2044 2488 2394 2573 expeditio
2431 2503 2762 2573 postrema
2798 2490 2957 2567 fuit,
3014 2510 3162 2552 nam
3215 2509 3372 2573 quas
3430 2487 3547 2552 de·

2041 2589 2270 2674 inceps
2319 2590 2637 2673 suscepit,
2679 2593 2769 2658 M.
2820 2590 3189 2677 Agrippae,
3237 2604 3346 2653 aut
3381 2589 3543 2654 viris

2043 2712 2126 2756 ex
2173 2692 2420 2755 familia
2474 2713 2589 2765 sua
2640 2692 3001 2770 commisit,
3045 2692 3138 2755 sic
3172 2705 3425 2768 tamen,
3473 2704 3547 2754 ut

2040 2794 2185 2880 ipse
2236 2793 2470 2857 relicta
2502 2796 2712 2859 Roma
2757 2791 3100 2879 praeclaro
3143 2791 3418 2856 consilio
3461 2811 3547 2855 ex

2037 2894 2411 2980 propinquo
2456 2895 2560 2958 rei
2607 2894 2941 2980 gerendae
2980 2913 3202 2957 curam
3247 2892 3546 2957 intende·

2035 3010 2163 3061 ret.
2247 2995 2472 3073 Bella,
2526 2999 2651 3060 nisi
2703 3018 2851 3061 cum
2900 3016 3175 3060 necesse
3211 2995 3376 3072 fuit,
3409 3017 3546 3059 non

2038 3097 2291 3181 coepit,
2352 3110 2547 3181 atque
2609 3103 2803 3164 etiam
2867 3113 3137 3182 coepta,
3203 3119 3351 3164 cum
3416 3097 3543 3161 sibi

2034 3199 2214 3264 ultro
2289 3198 2372 3261 ab
2447 3200 2743 3265 hostibus
2819 3199 3208 3277 satisfieret,
3300 3197 3538 3263 omisit.

2036 3307 2450 3370 Adolescens
2486 3303 2825 3370 asaevitia
2858 3324 2989 3366 non
3023 3302 3274 3397 alienus
3295 3347 3312 3378 ‚
3363 3297 3541 3384 quod

2038 3422 2192 3494 post
2226 3405 2476 3472 bellum
2513 3406 2974 3490 Philippense,
3040 3420 3106 3468 et
3137 3404 3535 3469 Perusinum

2036 3524 2447 3596 compertum
2503 3509 2666 3587 fuit,
2739 3522 2957 3572 tamen
3015 3506 3227 3572 facilis
3281 3507 3404 3569 suit
3455 3505 3538 3568 ad

2034 3613 2542 3697 ignoscendum,
2604 3625 2672 3675 et
2724 3610 2916 3676 facile
2979 3631 3049 3674 se
3110 3609 3387 3674 aliorum
3438 3631 3541 3673 sa-

2032 3714 2153 3791 nis,
2179 3715 2506 3794 consiliis,
2550 3714 2920 3800 praecipue·
2957 3712 3387 3788 Maecenatis,
3450 3709 3532 3774 ad

2032 3818 2595 3882 mansuetudinem
2614 3815 2914 3882 revocari
2935 3836 3158 3900 passus
3179 3829 3297 3879 est.
3345 3813 3535 3877 Sum-

2026 3934 2176 4003 ptus
2217 3920 2286 3981 in
2347 3918 2618 3984 edendis
2657 3916 3083 4002 spectaculis,
3132 3914 3526 3999 congiariis,

2026 4021 2397 4085 muniendis
2469 4022 2627 4099 viis,
2696 4019 3011 4083 aediliciis
3082 4016 3361 4100 publicis
3430 4015 3530 4077 in-

2027 4137 2263 4207 gentes
2310 4123 2502 4200 fecit,
2571 4121 2694 4186 etsi
2740 4121 2954 4184 cultus
3007 4117 3185 4180 domi
3241 4116 3524 4200 simplex

2026 4238 2234 4303 esset,
2296 4237 2364 4287 et
2420 4223 2550 4288 vita
2606 4222 2926 4307 frugalis„
2988 4218 3228 4281 Animo
3287 4217 3358 4278 in
3415 4216 3527 4280 ad·

2022 4326 2235 4391 versis
2277 4345 2408 4387 non
2449 4345 2715 4407 semper
2740 4368 2758 4400 ,
2801 4336 2875 4384 ut
2908 4321 3118 4383 virum
3166 4318 3524 4399 decuerat,

2025 4427 2184 4489 forti
2216 4426 2377 4502 fuit,
2422 4424 2599 4510 ‘quod
2641 4423 2843 4509 patuit
2876 4435 3024 4507 post
3049 4421 3211 4488 Vari
3249 4420 3316 4482 in
3355 4420 3522 4485 Ger·

2023 4529 2238 4607 mania
2301 4529 2595 4604 cladem,
2661 4526 2997 4611 variasque
3068 4522 3302 4586 domus
3360 4544 3517 4588 suae

1996 4630 2431 4719 'ignominias.
2491 4627 2884 4699 valetudine
2952 4622 3077 4691 etsi
3134 4625 3344 4688 minus
3410 4622 3521 4688 fir·
