4509 5584
1052 536 1141 607 τῃ
2267 510 2927 594 Avcvsrvs

1052 690 1251 760 clusis
1327 686 1617 774 primum
1669 685 2179 771 commeatibus,
2262 698 2331 753 et
2370 684 2542 750 fame

944 788 953 799 ’
1050 795 1184 858 late
1215 803 1558 875 serpente,
1601 788 1842 853 deinde
1885 806 2034 851 cum
2066 786 2148 851 ad
2187 806 2365 852 arma
2391 802 2546 856 ven-'-

1053 909 1194 960 tum
1244 906 1455 972 esset,
1509 890 1728 961 clades
1765 888 2122 973 repetitae,
2166 912 2240 954 ac
2280 905 2547 975 praeter

1053 995 1321 1083 publica
1367 994 1531 1058 haec
1588 972 1979 1057 detrimenta
2027 992 2130 1055 rei
2178 1007 2401 1076 gestae
2436 992 2548 1056 de-

1054 1099 1298 1175 decus,
1361 1095 1594 1181 quibus
1652 1094 1918 1161 tandem
1982 1094 2169 1157 malis
2224 1093 2546 1179 Pompeio

1056 1201 1143 1268 V.
1179 1198 1252 1261 C.
1278 1200 1404 1280 718
1429 1196 1779 1280 profligato
1810 1194 2146 1260 exstinctis
2174 1196 2259 1258 ad
2286 1199 2549 1262 solitum

1058 1300 1306 1366 cultum
1343 1298 1693 1364 rediverit.

1191 1400 1500 1485 Sequitur
1521 1402 1632 1470 IV.
1653 1446 1679 1479 ,
1710 1398 2139 1464 indubitatum
2165 1399 2552 1483 planeesse,

1064 1501 1245 1590 quod
1314 1502 1640 1586 principio
1695 1499 1997 1578 adserui,
2083 1521 2321 1565 numos
2371 1502 2565 1567 Octa-

1060 1604 1237 1673 viani
1267 1604 1656 1688 inscriptose
1706 1603 1896 1667 COS.
1927 1603 2158 1667 ITER.
2189 1605 2333 1669 ET.
2359 1606 2559 1668 TER.

1061 1707 1350 1770 DESIG.
1388 1705 1608 1770 addito
1649 1703 2035 1788 frequenter
2065 1705 2133 1767 in
2179 1726 2406 1771 aversa
2448 1710 2563 1769 111-

1064 1811 1239 1877 VIR.
1318 1809 1553 1870 ITER.
1597 1808 1677 1867 R.
1720 1807 1795 1866 P.
1843 1805 1915 1868 C.
1987 1816 2056 1868 et
2131 1807 2344 1888 capite
2421 1807 2560 1890 ejus
2601 1832 2616 1849 f

1070 1930 1336 1994 semper
1394 1908 1703 1984 barbato,
1778 1904 1859 1970 ad
1918 1925 2120 1969 annos
2183 1906 2266 1975 V.
2309 1908 2379 1971 C.
2436 1929 2563 1990 7⁸7

938 2038 945 2047 ·
1067 2027 1139 2079 et
1192 2013 1318 2095 718
1362 2010 1738 2095 pertinere,
1815 2029 1949 2071 non
1992 2005 2073 2071 ad
2116 2027 2314 2089 eum,
2367 2029 2563 2093 quem

1063 2114 1148 2179 iis
1207 2112 1361 2176 artis
1434 2125 1699 2173 nostrae
1762 2110 1994 2194 periti,
2076 2109 2253 2195 quod
2316 2111 2559 2189 sciam²

1071 2235 1302 2281 omnes
1332 2216 1645 2277 hactenus
1693 2211 2156 2296 adsignavere,
2203 2232 2288 2279 ex
2325 2213 2556 2298 quibus

1066 2318 1409 2383 nominare
1510 2314 1661 2377 satis
1747 2314 1831 2376 sit
1914 2311 2413 2387 Mediobarbum
2458 2318 2576 2398 ⁸),-

1067 2418 1488 2487 Vaillantium
1531 2414 1638 2498 b)‚
1704 2417 2228 2499 Havercampum
2272 2417 2355 2498 0).
2419 2419 2563 2478 lux-

1067 2535 1135 2584 ta
1205 2521 1327 2583 hos
1397 2517 1583 2603 prior
1658 2517 2102 2600 inscriptionis
2159 2539 2316 2601 pars
2366 2517 2556 2580 COS.

1068 2624 1301 2687 ITER.
1334 2623 1475 2685 ET.
1507 2622 1706 2685 TER.
1733 2620 2022 2685 DESIG.
2072 2620 2243 2681 hunc
2297 2639 2558 2681 sensum

1067 2727 1259 2802 facit,
1306 2722 1488 2807 quasi
1517 2721 1756 2784 Caesar
1785 2721 1910 2804 jam
1949 2720 2382 2805 processisset
2415 2740 2568 2783 con-

1069 2826 1174 2890 sul
1216 2826 1493 2900 iterum,
1567 2836 1635 2886 et
1677 2835 1814 2884 tum
1872 2821 2135 2886 tertium
2183 2836 2358 2887 esset
2401 2821 2572 2885 desi-

1073 2940 1324 3019 gnatus.
1389 2925 1613 3018 Quare
1668 2945 1817 2987 cum
1870 2924 2099 2989 consul
2143 2924 2382 2988 iterum
2417 2944 2571 3007 pro·

1075 3028 1355 3095 cesserit
1422 3028 1509 3096 V.
1548 3028 1627 3093 ,0.
1689 3045 1849 3110 721,
1939 3048 2077 3091 non
2150 3026 2570 3102 dubitavere,

1077 3152 1306 3197 omnes
1362 3150 1595 3192 numos
1672 3130 1766 3193 sic
1846 3128 2195 3212 inscriptos
2260 3129 2339 3192 ad
2396 3127 2568 3190 hunc

1076 3255 1314 3298 annum
1377 3232 1671 3295 referre.
1763 3231 1927 3324 Quis
1988 3230 2072 3292 sit
2126 3250 2319 3295 verus
2379 3230 2568 3314 hujus

1079 3334 1482 3418 epigraphes
1528 3352 1791 3409 sensus,
1852 3347 1989 3396 tum
2037 3332 2319 3396 curatius
2363 3331 2570 3415 inqui-

1054 3457 1231 3501 ·rere
1273 3435 1501 3518 coepi,
1562 3455 1715 3497 cum
1754 3435 2035 3525 primuni
2079 3433 2372 3499 viderem
2414 3434 2572 3496 Cae-

1080 3539 1262 3605 saris.
1313 3537 1562 3603 vultum
1635 3536 1839 3620 magis
1905 3536 2310 3622 juvenilem,
2382 3555 2572 3620 quam

1081 3643 1195 3728 qni
1248 3640 1425 3704 dicto
1461 3657 1632 3702 anno
1657 3652 1880 3719 posset
1917 3651 2340 3722 competere,
2395 3638 2577 3701 dein-

1084 3743 1170 3807 de
1249 3742 1514 3805 barbam
1562 3760 1600 3802 e
1653 3754 1877 3803 mento
1928 3740 2320 3825 pendulam,
2389 3740 2572 3825 cujus

1085 3865 1215 3928 ego
1260 3831 1580 3907 rationem
1629 3842 1711 3907 ad
1757 3863 1907 3905 eum
1945 3863 2181 3905 annum
2221 3863 2355 3904 non
2387 3841 2575 3926 potui

1084 3946 1412 4031 reperire.
1502 3944 1724 4038 Quare
1787 3945 1880 4008 sic
1925 3942 2239 4026 capienda
2302 3944 2442 4025 ejus
2484 3947 2580 4005 in-

1086 4048 1469 4133 scriptionis.
1500 4047 1733 4124 verba,
1782 4060 1852 4109 ut
1882 4068 1954 4108 το
1998 4046 2286 4108 DESIG.
2336 4046 2587 4110 refera-

1084 4165 1195 4215 tur
1247 4165 1375 4214 tam
1422 4149 1502 4214 ad
1546 4151 1779 4213 ITER.
1831 4170 2021 4234 quam
2078 4149 2159 4212 ad
2204 4150 2444 4224 TER„
2508 4168 2582 4212 ac

1087 4267 1226 4316 tam
1311 4253 1500 4336 plana
1562 4253 1794 4315 omnia.
1884 4251 2042 4313 Dixi
2098 4251 2165 4312 in
2242 4251 2584 4314 annalibus

1088 4356 1172 4419 ad
1225 4357 1310 4422 V.
1361 4355 1433 4421 C,
1485 4355 1645 4434 715,
1734 4374 1819 4415 ex
1878 4353 2266 4417 Illvirorum.
2314 4353 2583 4417 arbitrio

1086 4456 1157 4518 in
1189 4458 1360 4524 VIII.
1392 4477 1597 4519 annos
1633 4455 2007 4539 designatos
2055 4454 2259 4518 fuisse
2294 4455 2587 4518 consula-

1161 4664 1224 4734 ο)
1263 4659 1362 4716 Ad
1390 4679 1524 4715 aun.
1554 4659 1628 4718 V.
1654 4661 1721 4716 C.
1749 4672 1878 4722 721.

1091 4750 1161 4824 d)
1201 4750 1261 4807 in
1288 4750 1481 4826 Impp.
1515 4747 1634 4806 tab.
1666 4750 1709 4807 Ι.
1740 4769 1796 4807 n.
1827 4762 1917 4824 29.

2079 4661 2150 4741 b)
2192 4660 2270 4716 ad
2308 4681 2467 4720 num.
2494 4665 2583 4726 60.
2624 4660 2828 4722 Fama.
2857 4658 3070 4725 Iuliaess

2119 4754 2179 4823 c)
2217 4753 2371 4808 Anu.
2406 4752 2472 4811 L,
2501 4751 2544 4810 1⁸.
2581 4765 2705 4815 αἱ.

2657 699 2800 766 tus,
2857 698 2928 752 et
2954 684 3245 768 Gaeswi,
3288 687 3402 772 qui
3436 685 3519 756 V.
3556 683 3631 750 C.
3660 700 3778 769 7u
3828 685 3956 768 jam
3991 701 4145 748 con-

2658 792 2770 855 sul·
2828 790 3109 875 primum
3155 789 3309 870 fuit,
3386 789 3640 865 oblatos
3689 786 3912 865 binos,
3986 803 4147 871 quo-

2659 915 2812 957 rum
2852 914 3051 959 unum
3117 892 3318 958 iniret
3376 893 3459 961 V.
3514 893 3587 955 C.
3634 907 3795 973 721,
3863 889 4146 955 alterum

2661 995 2811 1078 723.
2868 999 3049 1080 Ergo
3103 997 3232 1080 jam
3274 992 3428 1058 inde
3477 992 3555 1057 ab
3608 1011 3691 1056 eo
3724 1004 4026 1075 tempore
4071 1008 4145 1053 se

2664 1117 2825 1163 vere
2876 1097 3170 1161 scribere
3219 1096 3440 1183 potui,
3512 1110 3587 1158 a'c
3633 1091 3853 1177 reipsa
3893 1090 4154 1174 scripsit

2664 1201 2999 1263 consulem
3016 1204 3282 1276 iterum,
3317 1219 3401 1261 ac
3428 1199 3700 1259 tertium
3715 1199 4154 1277 designatum.

2665 1302 2756 1363 Et
2798 1320 2953 1364 sane
3013 1319 3243 1365 verum
3298 1317 3448 1365 esse
3499 1297 3674 1359 hune
3717 1290 4159 1376 inscriptionis

2670 1421 2933 1466 sensum
2957 1446 2975 1478 ,
3020 1400 3299 1483 probant
3334 1398 3516 1462 numi
3550 1401 3642 1461 M.
3670 1396 3972 1474 Antonii,
4015 1393 4162 1479 qui,

2678 1524 2827 1568 cum
2876 1501 3116 1569 eodem
3170 1515 3470 1587 tempore
3538 1499 3912 1582 designatus
3967 1496 4172 1560 fuerit

2678 1605 2911 1670 consul
2960 1603 3028 1666 in
3071 1623 3273 1669 annos
3323 1621 3490 1684 720,
3551 1614 3620 1666 et
3663 1599 3826 1685 723,
3902 1598 4056 1663 inde
4097 1597 4168 1659 in

2675 1708 2892 1772 nuruis
2957 1705 3254 1779 scribere
3318 1703 3574 1789 coepitz
3639 1703 3827 1768 COS.
3876 1699 4167 1763 DESIG.

2677 1812 2911 1875 ITEB.
2955 1811 3099 1873 ET.
3146 1808 3387 1884 TER„
3461 1806 3646 1891 qullo
3691 1805 3856 1868 adeo
3900 1802 4028 1867 alio
4074 1805 4170 1863 in·

2678 1924 2784 1975 ter
2848 1924 3204 1994 utramque
3272 1906 3679 1992 epigraphen
3751 1902 4165 1977 discrimine,

2680 2034 2870 2097 quam
2939 2011 3117 2096 quod
3180 2011 3249 2071 in
3306 2010 3577 2072 Antonii
3631 2008 3845 2071 numis
3904 2028 3974 2068 το
4016 2006 4168 2066 DE·

2672 2114 2830 2177 SlG.
2880 2125 3357 2199 praeponatur,
3428 2111 3495 2172 in
3549 2108 3949 2177 Caesarianis
3991 2119 4166 2189 post-

2672 2227 2970 2299 ponatur.
3046 2215 3119 2277 Si
3170 2212 3514 2296 inscriptio
3575 2225 3835 2275 notaret
3883 2211 4222 2275 alterum‘.

2676 2317 3081 2382 consulatum
3151 2316 3282 2400 jam
3341 2328 3679 2399 coeptum,
3761 2334 3896 2398 pro
3940 2331 4167 2385 more,

2678 2439 2872 2505 quem
2906 2418 3182 2482 aliorum
3200 2418 3667 2502 imperatorum
3686 2415 3867 2477 numi
3887 2435 4165 2499 sequun-

2675 2534 2814 2597 tur,
2871 2520 3293 2584 scribendum
3334 2520 3582 2583 fuerat:
3637 2517 3832 2582 COS.
3871 2517 4166 2581 INTER.

2680 2622 2873 2685 DES.
2906 2625 3105 2684 TER.
3148 2626 3569 2707 Nequaquam
3608 2619 3943 2683 doctrinae
3980 2637 4166 2680 meae

2680 2723 2891 2788 obstat
2919 2747 3151 2788 numus
3182 2747 3221 2790 a
3250 2723 3560 2788 Morellio
3606 2722 3874 2798 citatus,
3928 2719 3994 2781 in
4039 2740 4171 2804 quo

2678 2826 2857 2909 juxta
2892 2841 3084 2910 caput
3125 2825 3461 2890 barbatum
3514 2824 3828 2909 scriptum
3869 2835 4171 2906 praeten-

2682 2929 2859 2993 ditur
2907 2928 3102 2995 COS.
3154 2930 3354 2993 TER.
3403 2929 3666 2995 111V1R.
3721 2928 3924 2987 TER.
3978 2926 4058 2985 R.
4091 2924 4170 2987 P.

2684 3032 2759 3096 C.
2807 3029 2870 3114 d)
2930 3052 3079 3093 nam
3133 3030 3286 3094 satis
3334 3043 3625 3105 certum,
3681 3026 3854 3090 hunc
3904 3046 4175 3088 numum

2684 3146 2942 3216 captum
2975 3154 3058 3195 ex
3090 3098 3552 3229 Goltzio‘qssi
3577 3132 3727 3194 eum
3761 3127 4073 3214 proponit
4102 3127 4174 3188 in

2682 3236 2979 3319 Augusto
3009 3235 3135 3300 tab.
3161 3238 3250 3298 11.
3268 3257 3332 3298 n.
3362 3235 3472 3296 23.

2812 3341 3046 3401 Narrat
3090 3335 3173 3399 de
3215 3336 3572 3402 Octaviano
3615 3333 3892 3398 Tacitus.
3919 3334 4014 3415 e);
4076 3334 4179 3395 in·

2686 3440 2970 3523 &atficta
3009 3439 3317 3500 Antonio
3358 3472 3388 3486 ·
3414 3472 3445 3491 -
3471 3471 3498 3485 ·
3513 3440 3739 3518 posito
3780 3437 4029 3499 Illviri
4069 3455 4182 3494 no-

2686 3546 2864 3607 mine
2892 3542 3226 3604 consulem
3252 3561 3326 3601 se
3345 3541 3617 3621 serens,
3654 3551 3721 3600 et
3750 3539 3843 3599 ad
3864 3538 4178 3601 tuendam

2677 3645 2931 3726 plebem
2968 3643 3328 3705 tribunicio
3356 3641 3505 3720 jure
3532 3652 3902 3704 contentus.
3969 3636 4183 3698 Periit

2684 3745 3018 3809 Antonius
3067 3744 3151 3811 V.
3202 3743 3277 3809 C.
3325 3753 3476 3824 724.
3559 3745 3808 3805 Tamen
3886 3738 4185 3804 Octavia·

2691 3868 2813 3909 nus
2863 3845 3018 3907 inde
3070 3843 3150 3907 ab
3207 3865 3376 3908 anno
3427 3844 3508 3912 V.
3554 3844 3625 3907 C.
3671 3845 3799 3925 718
3851 3842 4184 3906 Illviratus

2695 3948 3031 4013 mentione
3061 3948 3127 4008 in
3150 3947 3361 4009 numis
3384 3944 3717 4021 abstinuit,
3749 3943 3952 4009 credo
3969 3989 3987 4022 ,
4011 3943 4187 4028 quod

2697 4049 2958 4134 Lepido
3007 4049 3245 4114 eodem
3301 4054 3470 4113 anno
3510 4070 3670 4112 sese
3699 4047 4002 4112 abdicare
4042 4066 4188 4111 coa-

2702 4166 2809 4218 cto
2870 4173 2945 4218 re
2990 4153 3130 4237 ipsa
3190 4153 3525 4217 Illviratus
3574 4151 3852 4233 amplius
3899 4170 4032 4214 non
4080 4169 4190 4212 ex·

2702 4254 2900 4331 stitit,
2958 4255 3140 4320 orbis
3179 4255 3459 4339 imperio
3505 4254 3679 4315 inter
3727 4254 4073 4316 Caesarem
4122 4264 4191 4314 et

2699 4355 3054 4419 Antonium
3098 4356 3338 4435 diviso,
3405 4369 3749 4419 contentus
3791 4353 3966 4418 adeo
4007 4367 4193 4435 pote-

2700 4470 2863 4545 state
2917 4459 3240 4522 Illviratni
3283 4457 3636 4543 permissa,
3704 4478 3828 4542 qua
3878 4456 4191 4539 deinceps

3259 4665 3320 4736 c)
3362 4663 3440 4721 ad
3470 4662 3679 4722 Famil.
3709 4661 3950 4720 Morell.
3972 4683 4033 4741 p.
4058 4675 4192 4730 217.
