4509 5584
1008 581 1104 651 εἰ
2227 555 2894 674 Avevsrva

1004 735 1177 797 Sane
1239 726 1550 815 deinceps
1596 746 1857 814 quoque
1924 725 2312 813 frequenter
2361 727 2501 812 ejus
2615 748 2727 791 res
2802 725 3160 804 ordinavit,
3228 724 3504 789 hiberna
3565 748 3838 814 quoque
3893 728 3962 791 in
4024 748 4102 793 ea

1002 832 1309 899 victorias
1388 831 1737 897 maritimas
1820 831 1890 893 in
1953 844 2216 896 moneta
2275 831 2501 915 jactari
2617 830 2787 912 egit,
2835 834 3148 911 utnarrat
3180 829 3311 892 Dio
3356 832 3440 912 c).
3519 830 3870 895 Suetonius
3909 831 4106 895 etiam

999 936 1387 1004 videbimus.

1286 1033 1657 1101 CAESAR.
1678 1035 1886 1102 DIVI.
1906 1034 1992 1099 F.
2030 1030 2341 1100 Victoria
2364 1035 2501 1100 clo·

1276 1141 1356 1200 bo
1394 1141 1735 1201 iasistens.

996 1239 1327 1309 AVGVR.
1364 1238 1716 1302 PONTIF.
1759 1237 1974 1321 Caput
2001 1236 2186 1302 Iovis
2214 1237 2494 1300 Ammo-

974 1346 1125 1409 nis.
1170 1343 1308 1404 AR.
1342 1339 1695 1422 (Morelli.)

1123 1441 1484 1506 Denarium
1538 1441 1712 1511 hunc
1746 1463 1783 1504 a
1810 1438 2082 1504 Pinario
2138 1440 2385 1525 Scarpo
2422 1439 2493 1502 in

994 1544 1220 1610 Africa
1280 1565 1506 1609 cusum
1570 1541 1832 1621 fuisse,
1884 1543 2078 1608 facile
2153 1542 2490 1627 intelliges

993 1647 1247 1713 collatis
1305 1645 1556 1722 numis,
1624 1664 1787 1728 quos
1843 1644 1911 1706 in
1970 1658 2166 1728 gente
2228 1645 2490 1707 Pinaria

990 1748 1326 1823 dedimus,
1428 1759 1495 1809 et
1581 1746 1811 1829 Scarpi
1908 1747 2099 1831 hujus
2194 1747 2488 1823 historia.

990 1852 1211 1914 Alium
1246 1848 1540 1932 ejusdem
1577 1847 1803 1930 Scarpi
1830 1848 2167 1911 denarium
2190 1849 2490 1933 profere-

875 1974 881 1986 ¹
988 1975 1135 2015 mus
1168 1952 1337 2015 infra
1383 1969 1532 2016 cum
1569 1951 1968 2035 epigraphez
2020 1953 2195 2014 ΙΜΡ.
2237 1951 2485 2019 CAES.

988 2056 1196 2138 mvt.
1229 2055 1311 2121 F.

1522 2182 1561 2221 st
1720 2136 1768 2177 t
1934 2183 1973 2223 ἢ

1277 2255 1644 2323 CAESAR.
1674 2257 1857 2324 IMR
1895 2258 2039 2326 VII.
2123 2257 2337 2341 Caput
2372 2277 2491 2318 nu·

1218 2350 1225 2356 ⁸
1266 2361 1443 2423 dum.
1844 2426 1849 2429 Α

985 2462 1213 2527 ASIA.
1262 2459 1701 2524 RECEPTA.
1762 2463 2070 2525 Victoria
2105 2460 2315 2523 cistae
2349 2475 2491 2542 my·

986 2569 1201 2630 'sticae
1225 2564 1571 2639 insistens,
1601 2564 1758 2624 Ιιίησ
1772 2576 1839 2625 et
1857 2564 2053 2625 illinc
2079 2582 2344 2645 serpens
2373 2578 2487 2624 cx-

987 2685 1293 2749 surgens.
1343 2662 1696 2755 Quinarius
1730 2664 1979 2730 obvius.

1115 2765 1328 2861 Quam
1360 2764 1608 2826 fuerint
1650 2766 1908 2844 variae,
1981 2779 2045 2829 at
2087 2763 2280 2827 simul
2325 2764 2488 2829 otio-

982 2889 1094 2933 sae
1157 2867 1565 2932 eruditorum
1632 2868 1702 2928 in
1765 2889 2035 2931 aversae
2081 2880 2235 2950 typo
2284 2866 2492 2951 expli-

995 2970 1203 3035 cando
1263 2970 1662 3049 sententiae,
1724 2983 1989 3034 enarrat
2044 2969 2354 3032 Panelius
2406 2971 2489 3051 ἃ).

989 3074 1177 3157 Nihil
1246 3087 1466 3137 tamen
1527 3093 1609 3136 eo
1680 3072 1966 3156 planius,
2038 3093 2112 3136 ae
2177 3072 2489 3155 apertius.

982 3176 1258 3260 Mystica
1316 3173 1562 3252 Bacchi
1617 3174 1773 3238 cista
1821 3188 2049 3236 notum
2102 3186 2202 3237 est
2232 3175 2489 3258 symbo-

985 3277 1128 3340 lum
1182 3279 1402 3339 Asa‘ae
1439 3277 1965 3360 proconsularis,
2011 3297 2201 3360 quam
2250 3298 2487 3341 numus

985 3403 1024 3444 u
1061 3380 1341 3443 Caesare
1379 3393 1706 3459 receptam
1751 3379 2063 3463 loquitur.
2133 3380 2372 3442 Cistam
2406 3378 2487 3440 si-

894 3505 903 3511 ·
982 3483 1212 3546 milem
1264 3479 1552 3544 offerunt
1588 3482 1768 3542 numi
1802 3501 2030 3544 omnes
2071 3481 2369 3565 argentei
2402 3481 2484 3543 ab

964 3586 1127 3669 'ipsa
1158 3584 1282 3646 hac
1322 3603 1510 3645 causa
1547 3581 1705 3645 dicti
1741 3585 2120 3664 Cistoplwri
2137 3629 2153 3659 ,
2185 3605 2349 3667 quos
2383 3598 2488 3646 ‘sa-

985 3684 1070 3750 tis
1107 3697 1355 3748 constat
1391 3682 1469 3746 in'
1490 3684 1726 3749 eadem
1752 3685 1908 3747 Asia
1936 3683 2138 3747 fuisse
2175 3685 2485 3768 signatos,

987 3802 1060 3852 et
1099 3787 1183 3850 de
1230 3784 1464 3872 quibus
1514 3787 1764 3871 egimus
1806 3786 1874 3847 in
1901 3799 2177 3875 tractatu
2205 3788 2486 3871 singula·
2591 3833 2594 3836 <

970 3878 1047 3953 'ri
1084 3882 1175 3973 Β).
1222 3888 1467 3952 Insistit
1496 3889 1791 3958 Victoria
1823 3909 1955 3952 non
1992 3887 2116 3952 alia
2147 3888 2230 3951 de
2270 3909 2482 3967 causa,

981 3990 1428 4078 quam.quod
1486 3990 1650 4056 haec
1719 3991 1788 4053 in
1875 4003 2136 4054 moneta
2190 3993 2485 4054 Romana

984 4109 1347 4182 perpetuus
1401 4093 1524 4157 fuit
1586 4092 2038 4178 quinat-iorum
2104 4106 2332 4177 typus,
2411 4105 2486 4157 ut

978 4196 1398 4284 probavimus
1449 4194 1518 4257 in
1568 4195 1925 4264 Volumine
1966 4196 2053 4264 V.
2084 4217 2166 4279 Ρ.
2192 4214 2292 4257 20.
2349 4197 2483 4258 Re-

980 4299 1161 4385 cepit
1205 4318 1370 4376 vera
1415 4296 1636 4361 Asiam
1676 4298 1961 4376 Caesar,
2008 4296 2265 4381 quando
2309 4317 2479 4361 anno

975 4400 1064 4471 V.
1095 4402 1325 4483 C.724
1382 4418 1502 4462 seu
1558 4399 1897 4484 profectus
1949 4400 2021 4463 in
2063 4400 2475 4484 Aegyptum,

980 4524 1102 4568 seu
1134 4502 1300 4567 inde·
1320 4500 1528 4593 redur
1553 4502 1621 4563 in
1647 4501 1803 4567 Asia
1840 4499 2159 4583 substitit,
2200 4502 2477 4587 ejusque

1052 4718 1115 4787 a)
1158 4712 1430 4787 Cistoph.
1464 4731 1528 4787 p.
1547 4714 1639 4776 76.

981 4807 1043 4880 e)
1083 4804 1147 4859 L.
1172 4802 1371 4863 xmx,
1412 4806 1465 4873 ᾗ.
1499 4801 1605 4861 ult.

1782 4711 1861 4786 h)
1897 4712 2032 4775 vol.
2060 4713 2158 4775 IV.
2194 4724 2402 4791 p.352.

2554 4714 2618 4785 c)
2651 4700 2720 4772 1..
2749 4713 3038 4786 L1.§.18.

2611 930 2859 1006 refert,
2925 952 3074 993 eum
3118 933 3522 994 consulatum
3578 935 3694 999 IV..
3756 934 3979 997 iniisse
4034 934 4106 1017 iu

2611 1031 2799 1108 Asia,
2843 1033 2925 1099 V.
2965 1033 3032 1093 in
3081 1034 3298 1099 Samo.
3385 1032 3714 1097 Suadente
3755 1056 3920 1118 ergo
3972 1036 4109 1120 epi-

2612 1135 2862 1217 graphe
2913 1135 3130 1196 ASIA.
3193 1136 3646 1213 RECEPTA,
3713 1149 3850 1198 tum
3896 1136 4106 1226 etin-

2609 1237 2854 1319 scripto
2913 1236 3360 1300 IMPeraton's
3404 1238 3547 1305 VII.
3589 1238 3779 1301 titulo
3828 1239 4108 1323 quinarii

2605 1338 2799 1422 hujus
2847 1353 3124 1402 aetatem
3159 1359 3380 1423 ,prope
3422 1353 3741 1404 tenemus.
3797 1340 4102 1405 Diximus

2605 1439 2828 1503 Asiam
2878 1453 3214 1524 receptam
3268 1442 3437 1504 intra
3487 1463 3692 1505 annos
3749 1442 4102 1530 V·.C·724

2608 1555 2675 1606 et
2701 1545 2829 1625 725
2850 1590 2866 1620 ,
2915 1542 3286 1627 posteriore
3314 1557 3528 1606 autem
3563 1544 3689 1608 hoc
3720 1565 3927 1623 anno,
3967 1563 4100 1631 quo

2607 1644 2954 1707 Caesarem
3010 1645 3348 1707 consulem
3382 1645 3464 1712 V.
3514 1646 3915 1729 processisse
3949 1668 4103 1711 con-

2606 1758 2767 1824 stat,
2821 1747 3023 1810 fuisse
3061 1766 3210 1808 eum
3243 1746 3710 1830 imperatorem
3741 1750 3920 1827 vll„
3986 1749 4104 1814 do-

2605 1861 2713 1912 cet
2756 1847 3011 1913 illustre
3064 1870 3388 1926 marmor,
3454 1849 3631 1934 quod
3661 1853 3912 1917 Romae
3944 1874 3984 1916 a
4023 1872 4098 1917 se

2603 1951 2815 2017 visum
2838 1950 3127 2035 vulgavit
3157 1951 3429 2036 Pighius
3473 1950 3571 2029 d).

2606 2052 3031 2121 SENATVS.
3106 2046 3737 2148 POPVLVSQVE.
3789 2007 4099 2121 ΒΟΜΑ-

2807 2155 2999 2221 NVS.
3038 2157 3215 2221 IMP.
3247 2156 3641 2220 CAESARI.
3675 2157 3874 2226 DIVI
4017 2214 4031 2222 .

2604 2254 2807 2321 IVLI.
2840 2255 2917 2319 F.
2955 2256 3146 2321 COS.
3189 2256 3541 2351 QVINCT.
3581 2257 3772 2322 COS.
3803 2258 4093 2325 DESIG.

2716 2356 2906 2422 SEX.
2950 2359 3129 2422 lMP.
3178 2359 3422 2439 SEPT.
3465 2360 3974 2428 REPVBLICA
4033 2400 4039 2405 -

3032 2459 3649 2527 CONSERVATA.

2602 2563 2706 2624 Ex
2748 2561 2855 2626 his
2897 2573 3119 2646 patet,
3196 2562 3562 2653 quinarium
3598 2563 3771 2628 hunc
3811 2578 3959 2628 ante
3987 2586 4098 2629 an·

2568 2687 2757 2728 ‘num
2786 2666 2867 2734 V.
2896 2667 2967 2729 C.
3012 2677 3141 2746 724
3186 2666 3377 2728 feriri
3419 2686 3551 2729 non
3593 2667 3920 2750 potuisse,
3983 2688 4098 2730 ne-

2607 2788 2733 2854 que
2793 2770 3001 2833 serius
3058 2789 3226 2833 anno
3281 2770 3443 2852 726,
3505 2767 3654 2853 quia
3709 2768 4095 2832 anno‘hunc

2606 2885 3052 2957 consequente
3090 2871 3329 2935 Caesar
3357 2871 3486 2955 jam
3518 2870 3799 2955 Augusti
3830 2871 4095 2934 nomine

2604 2974 2700 3038 uti
2730 2974 2971 3058 coepit.

3117 3103 3158 3144 ι
3324 3058 3366 3094 ⁸⁵
3532 3103 3571 3142 ιε

2885 3175 3110 3270 Caput
3149 3177 3456 3241 Caesaris
3483 3179 3750 3242 nudum.

2604 3260 2970 3339 CAESAR.
3014 3280 3221 3347 DIVI.
3270 3280 3347 3341 F.
3396 3279 3732 3343 ARMEN.
3779 3277 4096 3340 RECEP.

2607 3381 2949 3447 1MP.V11.
2994 3382 3367 3444 Armenius
3391 3395 3580 3444 stans
3607 3402 3754 3443 cum
3781 3382 3962 3463 pileo
3997 3385 4099 3443 in·

2603 3501 2838 3559 curva,
2872 3492 2954 3543 et
2981 3494 3200 3551 estet-,o
3230 3481 3418 3544 cultu
3437 3487 3667 3567 patrio
3702 3485 3766 3545 d.
3808 3483 4097 3560 hastam,

2603 3605 2658 3645 s
2719 3603 2970 3645 arcum.
3045 3585 3188 3647 AR.
3276 3583 3508 3666 (Thes.
3577 3582 3822 3665 Brand.
3885 3585 3964 3644 Τ.
4010 3585 4092 3645 11.

2575 3697 2670 3768 Ῥ.
2704 3683 2852 3749 606.
2886 3683 3081 3755 Vaill.
3111 3685 3439 3768 Morelli.)

2728 3785 3107 3849 Armeniam
3137 3788 3433 3850 amissam
3468 3783 3670 3848 fuisse
3702 3809 3739 3849 a
3771 3788 3863 3851 M.
3891 3789 4094 3851 Anto·

2596 3887 2708 3949 nio
2739 3887 2858 3949 sub
2885 3910 3123 3951 annum
3153 3891 3242 3959 V.
3286 3891 3359 3956 C.
3379 3907 3528 3971 721,
3569 3887 3780 3951 refert
3813 3889 3943 3951 Dio
3992 3892 4050 3973 e)
4071 3936 4090 3968 ,

2599 4003 2664 4053 at
2725 4012 2870 4054 eam
2925 3991 3009 4062 V.
3045 3993 3307 4074 C.725‚
3356 3991 3470 4056 vel
3533 3988 3660 4072 726
3723 3988 3924 4054 fuisse
3985 4012 4091 4055 re·

2602 4105 2893 4176 ceptam,
2936 4094 3298 4158 tacentibus
3331 4092 3663 4185 historicis
3708 4092 3951 4156 fatetur
3981 4094 4088 4157 hic

2598 4193 2904 4257 denarius
2972 4216 3057 4261 ex
3124 4197 3363 4273 causis,
3449 4218 3606 4281 quas
3679 4195 3760 4285 ad
3821 4216 4091 4259 numum

2565 4295 3112 4380 ‘praecedentem
3180 4297 3360 4361 dedi.
3445 4298 3796 4363 Armeniae
3867 4299 4093 4361 memi-

2598 4413 2841 4467 nerunt
2889 4401 3084 4463 etiam
3134 4400 3315 4463 numi
3378 4400 3463 4468 V.
3502 4401 3575 4466 C.
3622 4400 3754 4480 734
3816 4400 4090 4484 signati,

2600 4501 2719 4564 sed
2743 4500 2819 4563 -hi
2846 4502 3288 4566 inscribuntur
3317 4503 3750 4595 ARMENIA.
3767 4502 4086 4569 CAPTA.

3187 4714 3258 4787 d>
3298 4717 3450 4774 Arm.
3478 4714 3650 4777 Rom.
3685 4714 3756 4773 T.
3779 4715 3884 4776 111.
3918 4729 4092 4792 p.50.
