4509 5584
945 600 1039 671 ⁴le

2169 575 2830 656 AVGVSTVS.

1062 752 1313 816 Aversa
1348 763 1614 835 gentem
1650 748 1878 815 Iuliam
1916 746 2219 834 respicit,
2267 764 2338 814 ut
2371 751 2440 815 in
2555 749 2627 812 C.
2661 745 3028 813 CAESAR.
3059 748 3150 811 M.
3190 748 3520 817 ANTON.
3602 754 3801 820 Duae
3827 757 4055 820 dexec-

932 854 1146 919 numis
1186 856 1238 919 1.
1273 851 1593 947 Caesaris.
1678 938 1717 991 ὀ

1218 1059 1291 1127 C.
1327 1000 1693 1120 CAESAR.
1756 1000 2019 1122 ῙΙΠῗῙΒ.
2097 1056 2178 1118 R.
2222 1056 2300 1125 P.
2353 1056 2430 1125 C.

1223 1161 1439 1239 Caput
1472 1160 1722 1221 nudum
1750 1158 2131 1224 barbatum.

928 1260 1666 1357 Q.SA1.V1VS.1MP.
1709 1258 1902 1327 coS.
1938 1259 2230 1326 nEsffi.
2274 1258 2433 1326 fm-

926 1387 1097 1431 men.
1145 1365 1291 1428 AR.

1046 1467 1154 1531 De
1227 1466 1485 1530 incerto
1547 1462 1682 1532 hoe
1751 1462 1976 1532 Salvio
2043 1465 2299 1551 egimus
2357 1464 2430 1530 in

923 1582 1125 1655 gente
1172 1567 1409 1638 Salvia.

1514 1676 1519 1683 ·
1662 1667 1704 1706 C

1204 1714 1574 1837 cAEsKR.
1621 1715 1910 1838 111v1nf
1949 1773 2029 1834 a.
2062 1771 2140 1838 r.
2178 1772 2250 1837 c.
2303 1752 2427 1838 oa-

1186 1886 1323 1957 ·put
1350 1874 1600 1934 nudum
1632 1873 1998 1937 barbatum.

788 1960 796 1967 ’
919 1977 989 2041 8.
1016 1976 1091 2040 G.
1154 1976 1403 2040 Caesar
1428 1973 1802 2054 paludatus
1835 1979 1908 2038 in
1943 1975 2123 2038 lento
2154 1994 2319 2056 equo
2354 1977 2420 2042 d.

916 2078 1196 2154 lituum,
1252 2077 1440 2159 infra
1476 2095 1686 2157 prora
1728 2080 1940 2141 navis.
2016 2077 2163 2145 AV.
2216 2080 2418 2160 (Mus.

916 2178 1137 2258 Caes.)

1040 2277 1273 2340 Lituus
1311 2276 1608 2345 Caesaris
1647 2283 2033 2362 auguratum
2066 2292 2283 2358 notat,
2321 2278 2414 2344 ‘de

910 2400 1043 2468 quo
1115 2400 1331 2464 supra.
1425 2379 1531 2442 Ad
1576 2379 1753 2464 quod
1795 2382 1937 2464 ejus
1988 2382 2229 2445 factum
2283 2403 2416 2445 ma-

909 2483 1207 2547 ritimum
1266 2481 1457 2564 hujus
1503 2483 1730 2546 aetatis
1765 2482 2028 2547 adludat
2062 2504 2262 2568 prora
2300 2505 2412 2546 na-

907 2584 1046 2661 vis,
1090 2583 1487 2668 ambiguum.
1546 2584 1719 2648 Fors
1759 2599 2172 2670 procuratam
2208 2607 2408 2650 anno·-

904 2708 1056 2751 nam
1087 2699 1302 2763 notat,
1350 2699 1419 2750 et
1442 2698 1723 2751 statuam
1761 2702 2116 2774 eapropter
2151 2710 2188 2753 a
2221 2709 2410 2753 sena-

904 2804 979 2853 tu
1009 2788 1370 2855 decretam.

1644 2890 1685 2926 O

1196 2990 1572 3057 CAESAR.
1626 2990 1807 3058 ῙΜΡ.
1852 2934 2096 3076 11ξ’(ῗαριιε
2155 2996 2407 3058 nudum

1189 3094 1559 3157 barbatum.

903 3197 974 3264 S.
1010 3195 1083 3260 C.
1148 3197 1397 3258 Caesar
1418 3196 1790 3276 paludatus
1825 3198 1902 3259 in
1928 3196 2109 3260 lento
2145 3216 2313 3279 equo
2337 3199 2402 3263 d.

904 3298 1112 3362 elata.
1141 3297 1283 3361 AR.
1315 3298 1515 3376 (Mus.
1552 3297 1768 3377 Caes.)

1034 3398 1221 3466 Varii
1272 3396 1345 3458 hi
1376 3398 1672 3462 Caesaris
1732 3397 1969 3482 equitis
2022 3398 2162 3483 typi
2201 3397 2400 3464 variis

899 3518 1053 3565 eum
1100 3522 1136 3563 a
1196 3512 1383 3582 grato
1436 3514 1666 3564 senatu
1703 3499 1926 3563 statuis
1981 3499 2399 3584 equestribus

897 3602 1291 3665 honoratum
1357 3615 1657 3686 arguunt.
1735 3602 1897 3663 Post
1946 3600 2198 3665 bellum
2243 3601 2399 3662 Phi-

896 3703 1203 3787 lippense
1253 3702 1601 3767 Caesarem
1672 3716 1974 3768 ovantem
2026 3701 2261 3768 urbem
2302 3702 2398 3765 in-

897 3825 1201 3891 gressum
1246 3803 1459 3869 refert
1491 3804 1840 3869 Suetonius
1872 3806 1955 3888 ⁸).

1622 3907 1661 3945 a*

1170 4009 1547 4077 CAESAR.
1601 4009 1864 4077 IIIVIR.
1916 4008 1997 4070 R.
2035 4008 2111 4069 P.
2142 4009 2224 4074 C.
2261 4009 2448 4074 Ca«.

1177 4127 1310 4196 put
1349 4114 1599 4176 nudum
1624 4111 2000 4175 barbatum.

895 4218 962 4280 S.
990 4217 1062 4281 C.
1091 4215 1474 4298 Tropaeum,
1517 4223 1585 4274 et
1617 4214 1849 4291 aquila
1881 4213 2262 4296 legionario
2297 4214 2400 4275 ire-¹

897 4319 1149 4382 carduo
1172 4319 1371 4399 dgna
1388 4316 1742 4380 militaria.
1780 4315 1923 4379 AR.
1949 4314 2149 4398 (Mus.
2164 4314 2393 4397 Caes.)

1628 4413 1671 4452 β

1421 4462 1460 4501 st

2550 870 2668 911 rae
2697 851 2978 928 junctae
3028 852 3422 917 intermedio
3458 855 3768 922 caduceo.
3848 858 4068 954 Quin:

2552 953 2753 1032 (Mus.
2781 953 2998 1035 Caes.)
3220 964 3228 971 ’

2677 1053 2886 1138 Caput
2929 1054 3178 1118 anticae
3214 1075 3362 1119 esse
3405 1053 3568 1120 deae
3604 1059 4042 1139 Concordiae,-

2550 1151 2819 1218 dubium
2862 1177 2994 1219 non
3037 1169 3178 1234 est,
3251 1156 3333 1220 ad
3370 1178 3561 1241 quam
3603 1158 3803 1224 etiam
3833 1163 4043 1249 refers

2544 1268 2655 1318 tur
2687 1270 2877 1340 typus
2919 1278 3214 1324 aversae.
3272 1259 3574 1344 Vterque
3609 1264 3808 1330 Illvir
3839 1285 4040 1350 saepe

2543 1376 2667 1440 per
2698 1358 2864 1421 hanc
2892 1372 3169 1423 aetatem
3197 1359 3520 1426 dissidens
3553 1384 3750 1450 saepe
3779 1365 3862 1429 ad
3886 1387 4043 1431 eon-

2544 1456 2838 1551 cordiam
2882 1473 2950 1523 et
2982 1460 3259 1526 foedera
3298 1463 3532 1545 rediit,
3586 1480 3661 1531 ut
3692 1482 3922 1531 notum
3953 1489 4041 1535 ex

2544 1559 2856 1640 historia,
2902 1575 2970 1625 et
3002 1562 3391 1627 confirmant
3433 1567 3616 1630 numi
3650 1584 4037 1656 sequentes:

2682 1706 2700 1716 -
2829 1663 3197 1730 CAESAR.
3230 1667 3493 1737 IIIVIR.
3543 1668 3759 1752 Caput
3791 1676 4038 1738 nudum

2825 1767 3203 1834 barbatum.

2536 1865 2794 1929 Eadem
2851 1888 3107 1935 aversa.
3171 1867 3317 1936 AR.
3367 1826 3724 1956 (Morelli
3689 1895 3771 1937 in
3795 1874 4036 1943 Famil.

2538 1968 2782 2035 Anton.
2820 1967 2950 2032 tab.
2986 1971 3133 2054 VI.)

2822 2072 3189 2136 CAESAR.
3244 2073 3425 2140 mP.
3508 2074 3727 2160 Caput
3786 2080 4035 2143 nudum

2821 2175 3194 2241 barbatum.

2535 2271 3013 2345 ANTONIVS.
3034 2279 3211 2341 ῙΜΡ.
3242 2276 3606 2342 Cadus-eus.
3635 2278 3777 2346 AR.
3802 2279 4029 2366 (ibid.)

2809 2379 3428 2546 1MP.CAES*.‘AR
3454 2482 3664 2550 DIVI.
3698 2483 3901 2552 IVLI.
3947 2484 4025 2550 F.

2815 2583 3032 2660 Caput
3067 2582 3317 2644 nudum
3341 2585 3712 2650 barbatum.

2441 2683 2448 2689 ’
2523 2680 2615 2742 Μ.
2650 2680 3057 2749 AGRIPPA.
3126 2682 3319 2748 GOS.
3381 2683 3672 2749 DESIG.
3750 2687 3825 2748 in
3867 2704 4026 2748 area

2523 2788 2731 2850 numi.
2776 2784 2916 2845 AR.
2969 2787 3167 2865 (Mus.
3205 2786 3429 2864 Caes.)

2628 2886 2939 2953 Dubium
2972 2906 3107 2948 non
3135 2899 3265 2963 est,
3299 2888 3391 2953 Μ.
3427 2886 3782 2972 Agrippam
3810 2887 4017 2952 fuisse

2520 3007 2606 3051 ex
2635 2988 2715 3051 iis
2750 3007 2984 3064 unum,
3031 3008 3194 3105 quos
3231 3009 3426 3073 snpra
3468 2990 3549 3053 ad
3576 3011 3813 3053 annum
3845 2992 3923 3058 V.
3948 2992 4021 3056 C.

2516 3093 2644 3173 7¹5
2698 3092 3003 3153 eonsules
3046 3090 3115 3151 in
3165 3093 3341 3160 VIII.
3391 3113 3594 3156 annos
3644 3090 4018 3176 designatos

2516 3190 2676 3256 dixi.
2733 3191 2918 3255 Istud
2985 3204 3274 3268 certum,
3330 3191 3692 3277 Agrippam
3749 3214 4020 3278 prooes-

2515 3276 2681 3356 sisse
2728 3292 3069 3357 consulem
3111 3313 3279 3356 anno
3320 3295 3405 3360 V.
3446 3294 3519 3360 C.
3573 3316 3738 3379 717,
3813 3312 4009 3383 atque

2512 3394 2682 3460 adeo
2739 3416 3008 3457 numum
3073 3392 3229 3457 cudi
3294 3394 3601 3461 debuisse
3646 3411 3795 3461 ante
3839 3398 4013 3464 hune

2511 3517 2773 3564 annum.
2864 3499 3135 3561 Certum
3196 3496 3392 3560 etiam
3451 3519 3540 3561 ex
3603 3498 3733 3564 hoc
3774 3521 4010 3579 numo,

2511 3601 2861 3664 Caesarem
2906 3618 3039 3662 non
3084 3598 3368 3682 primum
3413 3615 3560 3684 post
3594 3615 3847 3686 captam
3883 3605 4013 3667 Ae-

2514 3714 2781 3789 gyptum
2830 3720 2902 3764 se
2960 3700 3202 3764 dixisse
3261 3703 3472 3770 DIVI.
3520 3706 3723 3772 IVLI.
3762 3706 3879 3783 F.‚
3931 3721 4013 3769 *ut

2513 3802 2847 3867 censuisse
2868 3801 3292 3870 Vaillantium
3318 3825 3513 3887 supra
3543 3804 3626 3869 ad
3657 3828 3925 3870 numum
3955 3811 4006 3869 1.

2511 3902 2749 3967 horum
2782 3923 3099 3967 annorum
3153 3903 3322 3982 dixi,
3385 3905 3566 3991 quod
3605 3920 3673 3970 et
3707 3908 4008 3971 nonnulli

2512 4025 2598 4069 ex
2661 4006 3082 4092 sequentibus
3170 4004 3384 4068 numis
3466 4010 4003 4092 comprobabunt.

2509 4108 2786 4172 Exstant
2830 4122 3173 4192 praeterea
3223 4107 3407 4172 numi
3451 4108 3562 4172 alii
3619 4111 3869 4177 similes
3896 4136 4003 4178 au·

2508 4211 2614 4273 rei
2663 4223 2732 4275 et
2784 4212 3084 4298 argentei
3129 4233 3278 4276 cum
3322 4210 3640 4296 capitibus
3685 4215 3738 4278 1.
3775 4215 4001 4279 Caesa·

2509 4312 2602 4376 ris
2644 4326 2712 4377 et
2759 4313 3100 4380 Octaviani
3151 4335 3223 4378 se
3276 4313 3804 4395 respicientibus.
3896 4319 3998 4381 De

2507 4415 2935 4500 praenomine
2977 4418 3153 4483 IMP.
3195 4416 3329 4499 jam
3374 4434 3547 4478 nune
3589 4414 4002 4502 frequentius

1175 4518 1443 4587 mvm.
1474 4517 1571 4580 R:
1589 4517 1668 4582 P.
1700 4516 1775 4581 C.
1819 4520 2036 4601 Caput
2067 4518 2388 4583 muliebre
2503 4531 2894 4582 occurrente
2926 4516 3078 4583 vide
3118 4538 3284 4601 quae
3314 4516 3681 4583 notabimus
3711 4519 3881 4587 infra
3915 4520 3997 4586 ad

1178 4622 1491 4684 velatum.

966 4831 1028 4901 a)
1071 4829 1219 4905 Cap.
1247 4838 1335 4888 22.

2495 4641 2733 4684 numos
2759 4619 2907 4685 anni
2945 4621 3026 4690 V.
3061 4620 3134 4684 C.
3164 4621 3315 4704 725.
