4509 5584
1580 494 2229 675 ivcvsrvs

346 720 505 796 tius,
551 718 616 781 in
666 739 794 804 quo
836 720 916 784 Ὀ.
963 720 1043 785 Α.
1084 714 1262 780 intra
1296 714 1624 795 ianream,
1665 717 1837 783 veri-

345 820 649 891 similiter
700 821 1058 884 Caesareae
1105 821 1436 902 Augustae
1481 818 1838 883 Trachoni-

341 922 525 1000 tidis,
606 937 871 1008 quartus
944 934 1014 985 et
1077 923 1337 1008 quintus
1399 921 1838 1004 Caesaraugu-

340 1038 478 1089 stae
506 1068 525 1101 ,
618 1038 686 1087 et
742 1022 1065 1087 Patriciae
1142 1022 1549 1087 coloniarum
1604 1022 1837 1105 Hispa·-

334 1125 504 1191 niae.
593 1125 700 1187 De
762 1124 977 1209 primo
1038 1124 1216 1188 forte
1276 1122 1660 1207 dubitabunt
1722 1123 1838 1184 ali-

336 1227 481 1315 qui,
553 1246 751 1312 quem
838 1238 1194 1310 propterea
1264 1223 1374 1288 hic
1464 1223 1834 1289 describam

331 1327 645 1412 subjectis
684 1325 1284 1403 observationibus,
1324 1339 1398 1388 ut
1432 1346 1667 1408 spe-ro,
1702 1345 1834 1388 non

326 1430 690 1496 inutilibus.

539 1517 544 1521 ’
612 1530 982 1596 CAESAR.
1008 1527 1277 1592 ΡοΝΤ.
1300 1526 1518 1593 Max.
1540 1527 1614 1591 ia
1631 1527 1834 1591 ants.-

538 1692 549 1701 .
612 1631 985 1697 CAESAR.
1060 1628 1557 1700 AvasTVS.
1616 1613 1853 1701 mvl.

611 1736 689 1799 F.
720 1732 1055 1798 PATER.
1114 1731 1527 1797 PATmAE.
1620 1731 1836 1815 Caput

619 1838 1020 1900 laureatum.

333 1942 560 2007 Rom.
607 1940 751 2006 ET.
795 1935 1003 2005 AVG.
1070 1937 1241 1999 Ara
1282 1938 1462 1998 inter
1501 1931 1675 1996 duas
1718 1934 1839 1995 Vi-

332 2046 592 2109 ctorias
620 2042 775 2104 basi
797 2040 1202 2100 insistentes.
1279 2037 1424 2102 ΑΕ.
1449 2053 1619 2099 max.
1653 2032 1831 2100 mod.

334 2140 447 2208 vel
488 2146 541 2208 1.
596 2143 675 2203 11.
713 2140 823 2204 111.
855 2137 1133 2202 formae.

467 2239 837 2327 Antiquarii
874 2238 1275 2302 disserentes
1323 2234 1406 2298 de
1439 2233 1653 2298 numia
1695 2231 1832 2312 his,

340 2347 459 2434 qni
514 2343 819 2409 omnibus
875 2340 944 2403 in
998 2338 1242 2415 museis
1299 2336 1477 2402 obvii
1521 2348 1703 2414 sunt,
1767 2349 1838 2398 et

340 2449 528 2533 cujus
573 2444 841 2530 generis
873 2458 1245 2528 postremus
1280 2458 1428 2501 cum
1461 2438 1672 2521 capite
1708 2438 1840 2501 Ne-

341 2551 529 2617 ronis
574 2561 677 2612 est
723 2547 792 2609 in
834 2565 1061 2609 museo
1111 2544 1469 2618 Caesareo,
1523 2540 1589 2601 in
1629 2539 1838 2603 varias

343 2652 572 2718 abiere
617 2648 994 2713 sententies.
1066 2647 1168 2708 Ne
1213 2644 1534 2707 incassum
1575 2640 1861 2724 longior.

344 2756 509 2831 sim,
550 2751 704 2816 satis
734 2763 882 2814 esto
920 2768 1190 2825 eorum,
1248 2744 1360 2830 qui
1402 2756 1691 2807 nostram
1737 2762 1844 2806 ae-

339 2871 548 2922 tatem
613 2853 886 2939 propius
945 2852 1370 2933 contingunt,
1437 2844 1855 2929 Schlegelii,

345 2973 418 3025 et
457 2952 897 3038 Havercampi
933 2951 1174 3037 ¹judicia
1216 2948 1478 3013 referre
1523 2944 1602 3045 ⁸).·
1666 2944 1845 3015 Vtri·

342 3081 476 3148 qne
548 3056 979 3120 indubitatum
1036 3066 1175 3130 est,
1254 3069 1486 3115 omnes
1545 3034 1668 3110 h'os
1722 3069 1842 3110 nu-

338 3184 487 3226 mos
540 3161 826 3245 signatos
888 3156 1174 3232 Romae,
1236 3164 1302 3216 at
1344 3150 1717 3233 discrepant
1768 3147 1857 3210 in‘

336 3261 741 3349 designanda
819 3279 1050 3324 eorum
1109 3253 1374 3342 publice
1435 3252 1838 3336 signatorum

335 3388 552 3431 cansa.

465 3464 884 3550 Schlegelins
927 3476 1188 3542 censet,
1238 3483 1321 3526 ex
1356 3460 1459 3528 his
1492 3462 1705 3527 numis
1739 3487 1835 3528 sa·

333 3571 418 3634 tis
468 3567 773 3655 probari,
826 3567 977 3632 vivo
1018 3568 1214 3630 etiam
1267 3568 1566 3651 Augusto
1618 3565 1687 3627 in
1726 3562 1835 3631 ur‘-

332 3672 421 3739 be
484 3669 850 3736 dedicatam
927 3688 1137 3745 aram,
1215 3680 1285 3730 et
1341 3669 1694 3752 templum,
1766 3680 1836 3731 et

334 3774 581 3837 factum
638 3771 812 3834 istud
871 3769 1045 3835 circa
1104 3791 1342 3833 annum
1400 3772 1482 3838 V.
1531 3771 1607 3834 C.
1669 3782 1834 3851 741,

337 3895 489 3940 cum
572 3872 640 3935 in
714 3893 916 3936 numo
989 3862 1322 3955 Angustus
1381 3872 1511 3953 jam
1566 3870 1836 3936 PONT.

337 3976 555 4041 Max,
602 3974 891 4054 dicatur,
952 3974 1109 4061 quin
1160 3995 1244 4036 ex
1301 3974 1461 4040 Sex.
1505 3973 1681 4036 Rufo
1733 3993 1840 4037 re·

341 4078 608 4161 gionem
657 4099 921 4164 qnoque
961 4077 1286 4154 nominat,
1337 4076 1409 4137 in
1446 4096 1572 4160 qua
1614 4093 1837 4153 sacrae

344 4181 502 4249 illae
544 4181 779 4247 aedes
788 4193 1071 4245 stetere.
1141 4179 1233 4241 At
1276 4178 1451 4242 enim
1495 4178 1840 4262 Augusto,

346 4285 656 4374 quamdiu
696 4287 765 4346 in
820 4282 987 4348 vivis
1055 4293 1227 4357 erat,
1286 4280 1506 4344 nullos
1549 4278 1839 4342 honores

345 4388 605 4455 divinos
664 4385 919 4450 habitos
977 4383 1047 4445 in
1075 4382 1290 4461 urbe,
1349 4381 1584 4466 procul
1640 4380 1841 4442 dubio

346 4504 487 4568 est,
558 4487 743 4569 cuius
809 4497 1224 4569 argumenta,
1300 4482 1431 4569 jam
1494 4504 1690 4567 supra
1757 4480 1844 4545 acl

348 4611 581 4673 numos
614 4590 804 4657 DIVI
836 4586 1117 4672 Augusti
1159 4586 1495 4672 proposita
1517 4624 1536 4662 ,
1586 4584 1692 4648 hic
1740 4568 1844 4646 re·

412 4764 474 4872 ali
513 4798 613 4855 Ad
641 4794 896 4854 morellii
931 4795 1123 4871 Impp.
1154 4793 1231 4853 Τ.
1246 4794 1289 4853 1.
1321 4813 1384 4871 p.
1404 4801 1511 4857 335
1541 4801 1600 4848 et
1628 4800 1752 4857 341.

1901 4789 1973 4863 b)
2020 4788 2166 4866 Cap.
2197 4798 2286 4862 59.

1948 731 2182 801 petere
2227 738 2359 783 non
2402 734 2605 786 vacat.
2689 722 2876 808 Ergo
2928 726 3082 792 vivo
3146 728 3462 813 Auguste,

1945 821 2130 881 numi
2163 818 2232 881 hi
2273 821 2341 881 in
2376 820 2513 904 ipsa
2550 823 2713 888 urbe
2743 825 2933 888 feriri
2964 848 3099 892 non
3136 843 3454 913 potuere.

1948 922 2133 984 Haec
2185 921 2323 1004 ipsa
2370 940 2752 1005 argumenta
2802 948 2952 991 cum
2998 929 3466 997 invicta·vide-.

1946 1035 2178 1084 rentur
2232 1025 2724 1111 Havercampo,
2795 1048 3222 1113 cumque.·ex
3287 1033 3452 1097 Sue·

1946 1123 2162 1209 tonio,
2205 1124 2482 1209 aliisque
2516 1141 2806 1206 constet,
2849 1130 3144 1214 Augusto
3187 1133 3255 1193 in
3285 1154 3447 1217 pro·

1946 1224 2179 1289 vinciis
2210 1229 2450 1309 passim
2481 1250 2623 1292 aras
2658 1243 2727 1294 et
2759 1231 3008 1314 ,templa
3039 1231 3244 1297 fuisse
3293 1254 3460 1299 con--

1947 1326 2200 1403 stituta,
2260 1330 2555 1406 censuit,
2614 1346 2912 1395 senatum
2968 1336 3054 1402 R.
3099 1335 3226 1401 hoc
3286 1353 3458 1423 typo·

1949 1427 2372 1493 servientium
2457 1432 2855 1515 populorum
2925 1433 2997 1496 in
3078 1436 3449 1521 principem

1947 1530 2234 1594 studium
2267 1531 2558 1597 voluisse
2590 1536 2851 1614 testari,
2897 1554 3031 1599 non
3081 1550 3300 1603 tamen
3352 1542 3455 1605 in-

1948 1630 2157 1697 dicari
2206 1632 2456 1703 cultum
2500 1633 2793 1703 divinum
2836 1635 3122 1725 principi
3164 1639 3234 1705 in
3277 1642 3472 1773 urbe-2

1947 1733 2315 1800 decretum.

2073 1837 2165 1899 At
2204 1856 2369 1904 vero
2410 1836 2468 1901 si
2507 1788 2709 1903 modo
2772 1854 3155 1922 statuamus,
3219 1862 3449 1908 omnes

1949 1937 2075 2001 hes
2118 1958 2373 2002 numos
2445 1954 2632 2003 extra
2688 1942 2922 2006 urbem
2976 1944 3051 2005 -in
3109 1945 3449 2027 provincia

1950 2039 2249 2125 quapiam
2280 2039 2484 2103 fuisse
2514 2061 2744 2119 cusos,
2789 2065 3068 2109 necesse
3116 2066 3250 2109 non
3296 2047 3448 2123 erit,

1950 2154 2061 2203 aut
2083 2160 2231 2204 cum
2248 2140 2631 2224 Schlegelio
2658 2159 2887 2215 contra
2913 2145 3450 2230 dignissimorum

1949 2239 2083 2303 fide
2145 2240 2630 2309 historicorum.
2679 2246 3132 2310 anctoritatem
3189 2261 3448 2312 temere

1923 2340 2301 2422 adserere,
2356 2345 2720 2430 Augustum
2763 2348 2892 2431 jam
2942 2349 3161 2414 vivum
3194 2348 3449 2417 Romae

1953 2459 2444 2523 consecratum,
2501 2460 2613 2510 aut
2663 2468 2812 2511 cum
2846 2451 3303 2538 Havercampo
3352 2452 3464 2518 di·-

1955 2559 2129 2609 etum
2150 2608 2155 2613 ,
2175 2545 2495 2630 effugium
2539 2550 2964 2617 comminisci.
3041 2550 3452 2638 ”Argumenta

1955 2660 2172 2710 autem
2221 2669 2417 2713 cusae
2463 2650 2626 2713 foris
2671 2651 2863 2734 hujus
2898 2668 3202 2718 monetae
3233 2654 3449 2719 habeo

1954 2769 2088 2812 non
2124 2770 2327 2834 pauca
2353 2794 2373 2828 ,
2411 2770 2623 2836 eaque
2663 2752 3093 2845 validis‘sima,
3142 2757 3192 2819 1.
3223 2756 3451 2839 Augu-

1955 2864 2091 2915 stus
2139 2851 2429 2916 divinum
2468 2854 2568 2917 sui
2598 2856 2882 2932 cultum,
2917 2876 3132 2939 ,quem
3169 2855 3244 2918 ίιι
3279 2857 3449 2922 urbe
3477 2910 3480 2913 1

1954 2950 2102 3016 fieri
2136 2955 2377 3031 vetuit,
2432 2968 2615 3019 extra
2657 2974 2800 3019 eam
2843 2955 3210 3020 liberaliter
3248 2958 3458 3022 admi·.

1953 3053 2059 3120 sit.
2105 3056 2207 3116 Ex
2236 3056 2598 3122 innumeris
2634 3048 3056 3135 testimoniis,
3088 3079 3445 3144 quaepre·

1951 3156 2134 3221 ferre
2178 3155 2449 3239 longum
2491 3157 2701 3235 foret,
2756 3160 3102 3237 nonnulla,
3145 3166 3333 3245 'qnae
3376 3161 3451 3224 in

1951 3272 2260 3344 promptu
2287 3259 2524 3337 haheO,
2559 3258 2916 3344 proferam.
2963 3261 3312 3327 Suetonius
3343 3261 3447 3346 1))ι

1955 3364 2456 3425 Provinciarum
2510 3361 2869 3442 pleraeque
2911 3384 3109 3443 super
3166 3367 3444 3449 templa,

1948 3475 2019 3526 et
2097 3482 2253 3524 aras
2322 3463 2518 3525 ludos
2596 3481 2855 3542 quoque
2926 3466 3454 3545 quinquennales

1943 3584 2153 3648 paene
2220 3564 2587 3644 oppidatim
2653 3566 3164 3631 constituerunt.
3250 3548 3447 3632 A‘dde

1894 3663 2320 3728 'testimonia
2363 3663 2613 3741 Taciti,
2673 3678 2743 3728 et
2785 3648 3066 3750 Appiani
3124 3689 3321 3752 supra
3361 3668 3449 3733 ad

1949 3767 2137 3833 DIVI
2180 3767 2462 3849 Augusti
2516 3758 2749 3829 numos
2803 3769 3112 3847 recitata,
3177 3790 3264 3833 ex
3309 3772 3452 3856 qui·

1950 3867 2071 3931 bus
2107 3869 2340 3951 partim
2366 3882 2669 3954 apparet«,
2715 3867 2781 3943 ei
2808 3868 2942 3933 hos,
2966 3869 3256 3936 honores
3294 3893 3448 3957 pro-

1951 3970 2175 4053 fligato
2224 3971 2380 4037 Sex.
2429 3969 2778 4055 Pompeio,
2840 3974 3246 4056 atque-adeo
3292 3975 3451 4037 satis

1952 4086 2205 4135 mature
2281 4071 2556 4138 habitos.
2644 4074 2842 4135 Aram
2898 4071 3198 4155 Augusto
3273 4076 3447 4160 apud

1955 4176 2400 4238 Tarraconem
2476 4187 2804 4251 erectam,
2890 4172 3171 4261 ejusque
3244 4194 3446 4260 super

1954 4296 2031 4339 ea
2075 4276 2314 4339 salsum
2360 4273 2602 4337 dictum
2642 4276 2772 4357 jam
2829 4277 3332 4343 memoravimus
3375 4278 3448 4340 in

1950 4392 2212 4441 moneta
2242 4376 2434 4458 hujus
2465 4375 2665 4447 urbis.
2700 4377 2806 4439 De
2824 4375 3155 4459 Lugduno
3183 4377 3449 4442 audien·

1951 4478 2072 4543 dus
2115 4477 2352 4541 Strabo
2397 4479 2481 4556 ο).
2581 4479 2915 4557 Templum
2985 4481 3071 4542 ab
3142 4483 3450 4546 omnibus

1951 4584 2285 4671 communi
2338 4583 2605 4671 nonu‘ne
2648 4577 2874 4671 Gallcfs
2905 4583 3242 4645 decretum
3287 4585 3454 4647 Cae·

2434 4788 2498 4860 c)
2538 4783 2725 4849 1..1V.
2755 4805 2817 4863 p.
2850 4806 2926 4847 m.
2959 4798 3087 4864 292.

3285 578 3452 646 aes
3574 530 3579 535 ’
