4509 5584
1080 527 1219 599 308

1459 689 1464 694 ’
1511 674 1929 740 Coloniarum
2017 707 2060 750 ,-

1507 774 1931 842 Alexandrini
2040 810 2067 826 ·
2233 807 2267 825 -

2317 505 2980 583 VITELLIVS.

3590 672 3678 741 0.

3592 777 3740 842 BR.

2218 1087 3029 1207 12.VJTELP1VS.

1184 1271 1609 1344 Vitelliorum
1651 1288 1860 1355 genus
1901 1270 2014 1334 alii
2055 1273 2547 1358 perantiquum,

1063 1392 1135 1444 et
1175 1396 1214 1442 e
1258 1373 1515 1438 Sabinis
1555 1385 1770 1438 ortum
1817 1371 2081 1449 dixere,
2146 1374 2258 1437 alii
2314 1376 2555 1459 perob«

1058 1498 1359 1553 scuram,
1420 1494 1497 1539 ac
1538 1472 1938 1560 pudendum.
2022 1474 2331 1542 Vitellios
2376 1499 2553 1542 cum.

1057 1579 1286 1667 primis
1340 1576 1596 1641 nobiles
1650 1586 1970 1658 regnante
2010 1590 2349 1658 postremo
2392 1582 2555 1642 'rar-

1058 1682 1283 1767 quinio
1341 1678 1667 1744 exstitisse
1723 1679 1977 1739 Romae
2032 1693 2396 1744 memorant
2447 1680 2558 1741 Li-

1059 1781 1202 1852 vius
1244 1780 1340 1861 ⁸),
1398 1792 1468 1842 et
1515 1778 1903 1841 Plutarchus
1946 1774 2035 1861 ¹²).
2121 1780 2198 1842 P.
2243 1780 2556 1849 Vitellius

1056 1882 1248 1965 hujus
1289 1879 1498 1944 nostri
1550 1902 1706 1947 avus
1749 1878 1947 1942 domo
1987 1881 2301 1959 Nuceria,
2353 1901 2557 1968 eques

1057 1987 1426 2060 Romanus,
1475 1994 1545 2046 et
1583 2002 1809 2046 rerum
1842 1982 2123 2067 Augusti
2164 1998 2559 2067 procurator

1059 2097 1338 2171 quatuor
1378 2083 1648 2168 reliquit
1687 2083 1862 2146 filies
1883 2131 1901 2164 ,
1951 2084 2193 2148 Aulum
2222 2085 2292 2147 in
2326 2106 2558 2150 consu-

1055 2188 1192 2251 latu
1235 2199 1596 2263 mortuum,
1660 2184 1976 2277 Quintum
2029 2187 2210 2250 nulla
2269 2207 2344 2250 re
2401 2188 2557 2252 insi-

1057 2308 1252 2374 gnem
1278 2331 1297 2366 ,
1373 2287 1678 2351 Publium
1741 2286 2116 2351 Germanici
2169 2288 2237 2349 in
2300 2289 2552 2373 Syriam

1053 2390 1398 2466 comitem,
1440 2402 1510 2452 et
1557 2390 1676 2455 Cn.
1697 2389 1955 2452 Pisonis
1991 2377 2401 2455 accusatione
2438 2411 2553 2456 no-

1052 2490 1295 2568 bilem,
1346 2490 1625 2554 Lucium
1666 2489 1877 2553 nostri
1906 2491 2064 2553 Auli
2102 2503 2395 2573 patrem,
2445 2505 2551 2556 ter

1055 2591 1399 2656 consulem
1432 2612 1508 2655 ac
1538 2611 1913 2665 censorem,
1948 2592 2032 2655 de
2065 2611 2198 2677 quo
2230 2593 2420 2675 plura
2455 2594 2550 2656 in·-

1051 2693 1153 2758 fra
1206 2693 1288 2757 ad
1344 2693 1486 2778 ejus
1543 2713 1829 2755 numum.
1905 2694 2007 2754 Ex
2065 2693 2231 2769 hoc,
2291 2707 2362 2758 et
2415 2716 2545 2759 ma-

1048 2810 1154 2860 tre
1207 2796 1478 2859 Sextilia
1541 2793 1991 2878 probatissima
2051 2793 2295 2857 femina
2357 2810 2544 2860 natus

1049 2909 1154 2960 est
1178 2897 1255 2958 A,
1277 2897 1585 2964 Vitellius
1614 2898 1696 2964 V.
1719 2897 1791 2960 C.
1817 2898 1947 2978 768
1975 2897 2213 2958 mensis
2243 2897 2545 2980 Septem·

1049 2985 1340 3062 bris‘dia
1384 2998 1598 3060 minus
1647 3011 1859 3062 certo.
1918 2995 2229 3060 Probavit
2273 3018 2344 3060 se
2388 3020 2542 3061 mox

1052 3098 1325 3162 Tiberio
1359 3120 1484 3184 per
1518 3100 1911 3183 voluptates,
1966 3119 2112 3161 nam
2145 3111 2213 3161 et
2247 3099 2391 3182 ipse
2423 3101 2542 3162 Ca-

1048 3201 1226 3283 preis
1278 3203 1603 3281 spintrias·
1654 3219 1895 3264 nomen
1954 3213 2053 3261 est
2110 3201 2542 3282 promeritus,

1050 3301 1387 3383 Caligulae
1445 3322 1569 3384 per
1628 3297 2001 3386 aurigandi,
2080 3302 2354 3364 Claudio
2420 3322 2543 3383 per

1046 3404 1228 3466 aleae
1267 3400 1581 3476 studium,
1640 3403 1888 3465 Neroni
1928 3416 2204 3485 propter
2241 3403 2404 3467 haec
2439 3424 2545 3481 eaf-

1048 3503 1221 3566 dem.
1296 3504 1402 3564 Ab
1465 3503 1566 3565 his
1625 3504 1920 3567 adfectus
1985 3501 2343 3566 honoribus
2414 3526 2543 3567 am-

1047 3604 1357 3688 plissimis
1401 3604 1466 3663 in
1492 3603 1782 3666 Africam
1834 3601 2105 3666 subinde
2145 3606 2540 3686 proconsule

1044 3705 1241 3781 abiit,
1316 3726 1590 3789 eamque
1639 3703 2039 3786 provinciam
2081 3704 2346 3768 biennio
2392 3726 2543 3768 con-

1050 3807 1233 3870 tinue
1329 3807 1817 3870 administravit.
1944 3803 2181 3868 Redux
2267 3808 2541 3870 Romam

1046 3908 1230 3972 urbis
1288 3909 1506 3973 munia
1562 3908 1802 3985 obivit,
1869 3907 2100 3970 missus
2159 3906 2445 3992 denique
2505 3933 2543 3973 a

1043 4012 1250 4077 Galba
1305 4012 1559 4098 legatus
1612 4008 2000 4074 Germaniae
2053 4008 2389 4073 inferioris
2446 4012 2542 4074 le·
2586 4001 2589 4006 ’

1047 4114 1349 4200 gionibus
1389 4112 1797 4198 praepositus
1844 4123 1945 4175 est
1990 4110 2073 4179 V.
2105 4111 2177 4175 C.
2224 4112 2370 4174 θαι.
2451 4110 2542 4174 At

1042 4236 1206 4281 vero
1275 4216 1516 4279 milites
1576 4214 1821 4277 Galbae
1898 4211 2245 4295 imperium
2317 4214 2535 4292 exosi,

1045 4338 1194 4383 cum
1247 4317 1564 4401 proximis
1616 4313 1928 4379 Kalendis
1982 4317 2113 4378 Ian.
2166 4316 2250 4381 V.
2290 4315 2362 4380 C.
2409 4317 2533 4379 822

1049 4440 1132 4483 ex
1186 4439 1373 4482 more
1417 4411 1486 4479 in
1530 4416 1777 4481 Galbae
1836 4415 2033 4480 verba
2082 4416 2300 4498 jurare
2345 4439 2383 4479 a
2424 4417 2537 4483 Vi-

1041 4522 1230 4586 tellio
1275 4520 1692 4604 juberentur,
1760 4516 2125 4583 detrectato
2177 4538 2535 4582 sacramen-

1119 4759 1184 4816 a)
1219 4741 1380 4804 1..11.
1409 4751 1535 4803 eui.
1680 4739 1753 4814 b)
1791 4740 1851 4799 iu
1883 4738 2216 4818 Poplicola..

2663 1285 2733 1334 to
2775 1268 3110 1336 conversis
3153 1268 3384 1334 animis
3426 1289 3618 1334 suum
3661 1268 3791 1354 ipsi
3829 1269 4171 1339 Vitellium

2666 1373 3133 1458 imperatorem
3198 1370 3603 1450 salutavere,
3678 1373 3789 1435 cui
3850 1374 4157 1438 continuo

2668 1489 3083 1539 accesserunt
3119 1474 3420 1557 legiones
3450 1475 3842 1539 Germaniae
3871 1476 4158 1560 superio-

2667 1579 2805 1655 ris,
2852 1599 3006 1640 mox
3060 1577 3372 1662 Belgica,
3433 1574 3929 1660 Lugdunensis,
4000 1579 4159 1641 Rae·

2668 1679 2796 1756 tia,
2875 1678 3231 1743 Britannia.
3333 1679 3541 1742 Caeso
3608 1678 3865 1742 interea
3918 1680 4167 1743 Romae

2671 1779 2909 1856 Galba,
2982 1794 3177 1865 atque
3247 1779 3590 1845 intellecto
3609 1824 3627 1857 ,
3703 1792 4011 1847 evectum
4088 1777 4169 1850 ad

2671 1882 3022 1967 imperium
3099 1881 3472 1959 Othonem,
3558 1881 3866 1944 nimirum
3949 1892 4170 1944 contra

2671 1985 2847 2049 hunc
2878 1975 3208 2048 'aemulum
3235 1964 3786 2067 proficiscendum
3823 1996 3991 2050 erat.
4045 1983 4165 2045 Er·

2672 2106 2760 2172 go
2823 2086 3187 2151 exercitum
3245 2084 3543 2149 bifariam
3603 2083 3919 2162 divisum,
3999 2082 4170 2148 duci·

2667 2188 3386 2274 busquefcommissum
3440 2188 3511 2248 iu
3565 2186 3816 2248 Italiam
3864 2183 4169 2269 praemit.-

2666 2290 2780 2367 tit,
2844 2288 3220 2374 fractusque
3268 2288 3550 2372 primum
3598 2286 3929 2352 nonnullis
3991 2305 4170 2368 prae·

2666 2389 2808 2465 liis,
2868 2399 3051 2453 mox·
3081 2392 3288 2454 relata
3345 2389 3588 2474 insigni
3647 2389 3731 2452 ad
3770 2387 4168 2452 Bedriacum

2664 2490 2975 2563 victoria.
3053 2506 3124 2554 et
3184 2491 3451 2556 Othone
3515 2490 3880 2556 voluntaria
3950 2501 4167 2554 morte

2662 2592 3061 2678 interempto
3119 2592 3469 2675 imperium
3530 2590 3710 2654 solus
3764 2589 4002 2657 tenuit.
4075 2594 4173 2652 In·

2659 2712 2924 2777 gressus
2983 2692 3219 2756 urbem
3283 2692 3473 2758 brevi
3538 2693 3780 2775 justum
3839 2692 4167 2756 bonorum

2655 2798 2945 2858 omnium
3004 2794 3225 2858 odium
3282 2793 3562 2856 incurrit
3625 2791 3711 2855 oh
3764 2794 4170 2858 comissatio·-

2654 2917 2843 2974 num,
2895 2909 2967 2959 et
3004 2916 3357 2964 coenarum
3404 2894 3865 2978 intemperiem
3902 2908 3977 2959 et
4030 2894 4160 2959 fre·

2653 2997 3004 3082 quendam,
3037 2997 3272 3081 quibus
3314 2995 3612 3080 parandis
3651 2996 4161 3062 exhauriebatur

2655 3097 3010 3174 aerarium,
3046 3112 3184 3161 tum
3217 3098 3535 3174 luxuriae,
3574 3110 3642 3161 et
3676 3098 3988 3163 saevitiae
4025 3097 4167 3161 dira

2658 3201 2998 3283 exempla,
3059 3213 3128 3263 et
3181 3199 3360 3283 qued
3413 3199 3632 3263 medio
3690 3200 3930 3264 Martio
3998 3220 4167 3266 cam·

2656 3321 2745 3384 pe
2785 3300 3073 3364 adhibita
3115 3300 3526 3384 publicorum
3572 3299 3993 3365 sacerdotum
4036 3301 4165 3365 fre-

2661 3402 2925 3484 quentia
2965 3404 3231 3465 mittere
3264 3403 3517 3465 Neroni
3558 3403 3825 3467 inferias
3864 3391 4003 3466 non
4051 3405 4168 3467 du-

2657 3500 2915 3580 bitavit,
2961 3523 3043 3567 ex
3080 3523 3211 3588 quo
3251 3504 3483 3587 patuit,
3537 3503 3713 3588 quod
3758 3504 3883 3568 sibi
3935 3507 4006 3565 in
4060 3505 4169 3568 ad·

2658 3603 3081 3666 ministrando
3127 3606 3409 3687 imperio
3455 3605 3792 3687 exemplar
3833 3606 4161 3688 praefige-

2656 3718 2783 3769 ret.
2871 3704 3021 3799 Quo
3093 3705 3430 3769 communi
3491 3706 3779 3768 emnium
3853 3706 4165 3770 ordinum

2660 3806 2813 3870 odio
2853 3805 3177 3891 patefacto
3217 3806 3651 3891 Vespasianus
3692 3806 3972 3873 Iudaeae
4021 3823 4160 3872 tum

2658 3929 2953 3991 praeses,
3018 3910 3143 3971 etsi
3200 3910 3380 3993 ipse,
3441 3921 3635 3993 atque
3694 3909 4033 3974 exercitus
4091 3910 4160 3970 in

2659 4010 2914 4078 Vitellii
2957 4010 3159 4076 verba
3200 4010 3555 4093 jurassent,
3616 4009 4009 4094 persuaderi
4051 4009 4161 4073 de·

2658 4112 2856 4197 nique
2905 4133 2978 4176 se
3025 4131 3248 4196 passus
3301 4125 3435 4189 est,
3486 4123 3558 4173 ut
3607 4110 3891 4174 oblatum
3927 4133 3969 4174 a
4027 4110 4162 4174 suis

2649 4211 2995 4297 imperium
3050 4226 3457 4296 acceptaret,
3524 4210 3707 4302 cujus
3774 4212 4159 4297 exemplum

2652 4327 2913 4378 secutae
2957 4328 3106 4377 sunt
3160 4334 3293 4376 non
3336 4314 3534 4382 modo
3595 4312 3845 4378 vicinae
3895 4314 4160 4398 Syriae,

2651 4429 2719 4479 et
2760 4416 3043 4506 Aegypti
3100 4416 3431 4502 legiones,
3496 4413 3615 4478 sed
3681 4413 3890 4477 dissiti
3953 4415 4158 4478 etiam

2648 4518 2899 4606 magnis
2950 4534 3271 4580 terrarum
3317 4515 3643 4602 marisque
3666 4541 3675 4548 ·
3699 4515 3920 4601 spatiis
3966 4519 4159 4579 Hoe-
