4509 5584
1026 549 1162 633 186

1406 716 1487 775 V.
1521 714 1592 779 C.
1626 708 1756 791 1765
1788 713 1863 775 B.
1890 709 1982 775 X.
2021 727 2135 804 ιε..

1081 837 1216 903 TR.
1254 838 1328 900 P.
1361 834 1559 899 XIII
1580 832 1778 897 XIV.
1820 830 1998 895 COS
2022 829 2119 899 ΙΙ.
2158 828 2428 897 ΡΟΝΤ.

1662 951 1869 1017 ῙΜΡ.

2270 539 2858 616 mmE-RWS.

2625 708 2837 772 numis
2904 708 3007 772 his
3072 707 3449 794 inscriptam
3492 709 3800 778 Tiberius
3858 713 4120 780 nonnisi

2624 829 2851 876 mense
2911 810 3081 874 lulio
3143 811 3293 876 anni
3333 814 3701 896 praesentis
3752 817 4117 900 auspicatus

2625 926 2749 979 est.
2815 914 3124 977 Ceterum
3161 914 3373 997 potuit
3403 913 3594 999 hujus
3633 916 3949 1003 triumphi
3982 939 4118 983 me·

2621 1013 2831 1077 moria
2868 1014 2938 1075 in
2969 1017 3182 1081 numis
3217 1015 3427 1080 serius
3463 1017 3733 1102 signatis
3783 1017 4114 1097 renovari,

1114 1119 1442 1186 Tiberius
1498 1120 1582 1186 de
1644 1117 1998 1185 Pannoniis
2050 1117 2501 1204 Dalmatisque
2617 1129 2714 1179 ut
2736 1128 2920 1180 certe
2973 1115 3046 1179 in
3097 1119 3312 1190 numia
3342 1119 3496 1185 anni
3534 1121 3867 1208 sequentis
3903 1139 4112 1186 ›reno-

1002 1225 1355 1310 triumphat
1390 1224 1496 1288 die
1531 1225 1701 1292 XVI.
1731 1221 2010 1286 Ianuarii
2040 1225 2123 1304 ⁸.)
2166 1222 2499 1304 Augustus
2616 1231 2760 1286 vata
2797 1231 2916 1285 est.

862 1364 866 1368 <
1001 1329 1463 1391 Germanicum
1518 1325 1805 1403 senatui,
1873 1337 2160 1389 senatam
2216 1323 2495 1389 Tiberio

1005 1428 1436 1495 commendat.
1485 1428 1704 1512 (Dio.)

1377 1632 1563 1698 tac,
1600 1627 1959 1713 7609.AE
1998 1626 2095 1691 ι3.

1110 1752 1244 1819 TR.
1269 1753 1342 1816 P.
1368 1750 1567 1816 XIV.
1592 1748 1750 1816 XV.
1782 1747 1971 1810 cos.
1996 1745 2095 1812 Il.
2112 1741 2395 1809 Pom:
2503 1717 2508 1722 ’

1644 1867 1850 1933 IMR.

3000 1425 3081 1487 V.
3119 1424 3188 1486 0.
3220 1422 3345 1507 767
3381 1427 3453 1489 P.
3489 1425 3580 1489 X.
3621 1373 3717 1500 ¹4..
3994 1481 4004 1500 ,

2714 1542 2848 1608 TR.
2888 1541 3139 1607 RXV.
3171 1542 3370 1607 XVI.
3411 1542 3715 1609 COS-II.
3757 1544 4022 1610 PONT.

3255 1662 3461 1729 IMP.

2743 1831 3049 1896 Tiberius
3093 1829 3172 1894 ab
3207 1828 3500 1914 Augusto
3540 1830 3608 1892 in
3649 1830 3983 1915 Illyricum
4022 1832 4104 1897 ad

2611 1953 2723 1997 res
2752 1933 2844 1995 ibi
2892 1932 3377 1999 constituendas
3413 1932 3684 2009 missus,
3740 1954 3896 1997 mox
3927 1936 4107 1999 a'Li·

1130 2041 1274 2100 Lex
1318 2037 1447 2098 lata
1490 2055 1527 2096 a
1570 2032 1987 2107 consulibus,
2058 2030 2155 2093 uti
2188 2028 2496 2093 Tiberius
2612 2035 2715 2099 via
2745 2049 3021 2119 propter
3043 2033 3323 2117 Augusti
3351 2053 3620 2117 gravem
3659 2034 4105 2101 valetudinem

992 2140 1364 2227 provincias
1400 2135 1837 2200 communiter
1870 2154 2019 2197 eum
2053 2135 2351 2216 Augusto
2387 2129 2498 2194 ad-

994 2242 1420 2306 ministraret.
1506 2239 1840 2320 Augustus
1912 2235 2187 2299 Tiberio
2249 2232 2493 2297 iterum

993 2343 1147 2408 trib.
1178 2352 1566 2430 potestatem¹
1605 2338 1866 2402 confert
1906 2333 1998 2418 Β).

1280 2434 2488 2506 T1.CAESAB.AVG.F.TR.

1274 2544 1480 2606 POT.
1518 2544 1660 2608 XV·
1715 2542 1930 2621 Caput
1964 2542 2232 2604 nudum.

991 2647 1360 2713 CAESAR.
1429 2643 1925 2711 AVGVSTVS.
1982 2642 2191 2708 DIVI.
2234 2640 2489 2705 RPA·

992 2751 1197 2818 TER.
1255 2748 1666 2812 PATRIAE.
1734 2745 1950 2822 Caput
1995 2745 2306 2825 Augusti
2343 2742 2490 2804 lau·

988 2864 1266 2916 reatum.
1312 2851 1456 2916 AV.
1495 2849 1869 2930 AR..(Mus.
1906 2845 2130 2926 Caes.)

1274 2954 1527 3015 Eadem
1589 2948 1966 3033 epigraphe.
2064 2945 2367 3009 Tiberius
2411 2948 2486 3008 in

1265 3075 1350 3133 qu
1362 3055 1613 3136 adrigis
1666 3048 2193 3131 triumphalibus
2244 3050 2322 3111 d.
2376 3060 2487 3109 ra·

1266 3177 1443 3218 mum
1462 3200 1479 3229 ‚
1511 3176 1565 3219 s.
1603 3164 1934 3233 sceptrum
1965 3170 2112 3213 cum
2143 3146 2395 3227 aquila.

938 3281 943 3292 ·
987 3260 1242 3321 Eadem
1272 3277 1525 3320 aversa.
1568 3256 1710 3321 AV.
1746 3255 1892 3314 AR.
1929 3255 2128 3332 (Mus.
2161 3243 2380 3326 Caes.)

1114 3358 1404 3422 Exhibet
1444 3356 1550 3419 hic
1594 3375 1828 3417 numus
1866 3352 2264 3436 triumphum
2285 3347 2482 3411 Tibe·

986 3462 1070 3524 rii
1130 3461 1212 3523 de
1269 3456 1654 3533 Pannoniis,
1744 3476 1818 3518 ae
1860 3455 2218 3528 Dalmatis,
2265 3469 2482 3534 quem

985 3565 1053 3627 ei
1080 3562 1421 3625 decretum
1484 3559 1568 3621 ad
1623 3578 1861 3619 anuum
1904 3559 1987 3624 V.
2021 3559 2096 3623 G.
2145 3555 2271 3634 763
2322 3545 2485 3614 dixi·

984 3684 1147 3727 mus.
1200 3666 1301 3727 De
1326 3683 1406 3726 eo
1441 3660 1741 3729 Velleius
1780 3663 1874 3742 0):
1910 3659 1991 3721 In
2022 3661 2247 3721 urbem
2270 3675 2484 3744 rever-

983 3789 1100 3830 sus
1136 3767 1278 3845 jam
1306 3765 1566 3846 pridem
1612 3763 1937 3837 debitum,
1985 3761 2103 3822 sed
2131 3760 2481 3822 continua-

986 3873 1170 3932 tione
1228 3866 1550 3928 bellorum
1616 3864 1900 3926 dilatum
1958 3880 2048 3923 ex
2110 3858 2478 3922 Pannoniis

984 3971 1454 4046 Dalmatisque
1488 3965 1896 4049 triumphum
1913 3966 2076 4048 egit.
2112 3959 2308 4023 Idem
2334 3968 2478 4019 nar·

983 4086 1085 4136 rat
1122 4069 1474 4135 Suetonius
1516 4069 1601 4146 d).
1645 4055 1968 4130 Auctores
2020 4079 2283 4129 veteres
2322 4058 2480 4122 defi-

980 4175 1119 4240 nite
1152 4193 1286 4238 non
1319 4171 1715 4248 edisserunt,
1766 4170 1933 4233 sitne
1970 4166 2338 4251 triumphus
2365 4162 2473 4227 hic

981 4292 1161 4345 actus
1211 4296 1380 4341 anno
1428 4274 1588 4351 hoc,
1642 4271 1751 4339 vel
1805 4271 2270 4357 praecedente.
2321 4269 2476 4330 —Re·

980 4381 1308 4446 centiores
1358 4375 1879 4462 ‚praecedentem
1934 4378 2213 4450 malunt,
2291 4368 2472 4433 numi

979 4496 1433 4569 praesentem,
1489 4501 1634 4543 nam
1683 4479 1832 4542 trib.
1878 4491 2269 4562 potestatem
2323 4474 2468 4542 XV.

1057 4698 1120 4766 a)
1160 4673 1318 4751 Fasti
1349 4673 1541 4748 Verrii
1568 4710 1628 4767 p.
1654 4701 1735 4750 14.

983 4791 1044 4859 e)
1085 4784 1272 4842 Tacit.
1303 4784 1453 4839 Αιιιι.
1486 4780 1552 4839 L.
1574 4781 1618 4839 1.
1654 4801 1704 4839 c.
1722 4782 1776 4844 6.
1818 4780 2066 4839 Suet.·c.
2090 4790 2173 4840 22.

1810 4676 1821 4682 ’
1862 4675 1879 4683 ‘
1921 4689 1992 4762 b)
2030 4677 2178 4756 Dio,
2218 4689 2375 4746 Suet.
2406 4679 2633 4743 in'Tib.
2666 4696 2823 4746 c.21.

2275 4825 2280 4832 .
2359 4778 2414 4848 s)
2456 4776 2646 4835 Tacit.
2674 4779 2827 4835 Anu.
2849 4777 2892 4837 1.
2931 4795 2980 4834 c.
3006 4789 3091 4841 53.

2608 2151 2954 2201 revocatus
3015 2135 3185 2218 apud
3254 2134 3488 2197 Nolam
3555 2137 3943 2221 Campaniae
3994 2160 4100 2219 pa-

2607 2252 2781 2302 trem
2810 2240 3024 2303 adhue
3058 2238 3411 2321 spirantem
3450 2239 3720 2321 reperit.
3769 2239 4098 2322 (Velleius

2606 2343 2688 2406 L.
2718 2344 2797 2406 11.
2830 2362 2888 2405 c.
2923 2340 3061 2406 123.
3100 2340 3278 2402 Suet.
3307 2359 3363 2401 c.
3399 2342 3538 2421 at.)
3604 2342 3665 2402 Is
3699 2341 3920 2423 paullo
3939 2357 4103 2427 ..post

2606 2442 2716 2507 <lie
2754 2441 2933 2510 XIX.
2956 2440 3240 2526 Augusti
3263 2440 3566 2507 moritur.
3603 2443 3820 2526 (Dio.)

2667 2610 2918 2673 Eodem
2941 2629 3113 2672 anno
3142 2627 3230 2671 ex
3257 2628 3320 2672 α.
3357 2610 3419 2673 d.
3447 2608 3644 2674 XIV.
3679 2609 3829 2670 Kal.
3859 2606 4034 2690 Sept.

3070 2729 3223 2791 AV
3226 2727 3286 2790 G
3296 2731 3365 2790 V
3362 2727 3410 2790 S
3422 2728 3544 2789 TV
3542 2726 3607 2790 S.
3813 2739 3828 2747 ’

2782 2847 2916 2913 TR.
2952 2852 3027 2913 P.
3059 2845 3256 2911 XVI.
3298 2845 3489 2910 COS.
3525 2845 3617 2911 II.
3664 2843 3924 2911 PONT.

3150 2968 3200 3029 Ι
3203 2967 3282 3030 Μ
3286 2969 3354 3031 Ρ.
3384 2965 3542 3028 VII.

2715 3086 2870 3151 Sex.
2896 3088 3206 3170 Pompeio
3221 3132 3241 3164 ,
3281 3084 3436 3149 Sex.
3459 3083 3796 3165 Appuleio
3839 3104 3971 3147 cos.

2728 3254 3025 3338 Augusto
3063 3255 3201 3321 -vita
3239 3252 3499 3329 functo,
3551 3251 3832 3314 necdum
3869 3251 4090 3334 vulga·

2592 3370 2660 3420 ta
2720 3356 2861 3439 ejus
2910 3369 3122 3419 morte
3166 3354 3523 3437 Agrippam
3573 3340 3954 3418 Postumum
4017 3355 4086 3416 in

2594 3457 2888 3520 Planasia
2941 3458 3211 3542 exulem
3255 3476 3482 3519 rerum
3535 3475 3849 3519 novarum
3905 3468 4088 3518 metu

2593 3557 2884 3620 interimi
2944 3559 3128 3642 jubet
3168 3561 3264 3638 e),
3347 3579 3420 3621 ac
3486 3578 3640 3620 mox
3680 3557 3906 3619 Iuliam
3949 3557 4089 3619 Au-

2587 3660 2769 3744 gusti
2823 3658 3021 3723 filiam
3065 3659 3326 3743 Rhegio
3382 3683 3417 3723 a
3470 3673 3655 3743 patre
3730 3659 4081 3738 inclusam,

2591 3777 2902 3846 suamque
2943 3782 3227 3826 -uxorem
3265 3761 3478 3824 inedia
3512 3761 3777 3825 conficit
3833 3758 3905 3844 ί).
3963 3760 4083 3825 Pa-

2591 3877 2760 3926 trem
2798 3863 3063 3949 publice
3103 3863 3374 3947 sepelit,
3431 3878 3498 3926 et
3536 3864 3710 3926 inter
3749 3863 3934 3928 divos
3977 3884 4081 3927 re-

2591 3964 2744 4031 fert.
2823 3966 3184 4029 Exercitus
3246 3964 3484 4030 fiducia
3539 3966 3764 4027 mortis
3793 3965 3860 4027 in
3909 3962 4080 4028 sedi·

2580 4043 2840 4132 sionem
2890 4088 3117 4134 versos
3162 4067 3244 4129 ad
3277 4089 3508 4152 pacem
3558 4080 3858 4145 revocat,
3912 4069 4079 4132 Ger·

2585 4170 2873 4234 manicos
2933 4189 3057 4252 per
3105 4167 3601 4256 Germanicum,
3666 4171 4072 4236 Pannonium

2581 4273 2782 4342 misso
2814 4272 2952 4336 filio
2977 4274 3219 4337 Druso.

2864 4377 2975 4439 TI.
3020 4375 3382 4437 CAESAR.
3457 4377 3669 4448 DIVI.
3735 4374 3939 4444 AVG.
3993 4376 4072 4437 F.

2866 4473 3362 4544 AVGVSTVS.
3415 4479 3631 4563 Caput
3657 4480 3829 4542 laur.

3011 4688 3073 4757 c)
3099 4681 3174 4744 Ἰ..
3197 4685 3268 4745 Π.
3308 4707 3356 4743 c.
3384 4700 3500 4748 121.
3691 4685 3758 4758 ἆ)
3803 4685 3946 4764 Cap.
3983 4700 4067 4748 20.
