4509 5584
1498 594 2287 677 DOMITIANVS.
2422 540 2430 551 ⁶

339 766 516 829 mr.
552 761 923 829 CAESAR.
957 764 1272 845 seriptum
1305 775 1431 829 ’aut
1460 767 1533 829 in
1562 784 1841 853 gyrum,

340 881 461 932 aut
495 871 567 931 in
600 867 919 950 epistylio
961 868 1191 949 templi
1224 867 1411 930 Iovis
1452 866 1840 949 Capitolini,

336 970 447 1031 vel
483 969 822 1043 Palladis,
867 968 977 1029 vel
1009 970 1320 1036 aliorum.
1356 968 1497 1033 AR.
1531 964 1834 1052 (Morelli
1962 1031 1989 1042 ,

337 1069 466 1134 tab.
501 1070 615 1133 IX.
655 1088 723 1135 n.
766 1091 789 1131 ι
814 1068 1015 1150 -5.)

629 1171 892 1234 Antio-a
927 1173 1209 1232 ineerta.

337 1273 548 1339 10V1.
589 1269 998 1339 CVSTODI.
1042 1272 1148 1332 vel
1155 1293 1178 1333 .·
1218 1270 1656 1336 1VPP1TER.
1692 1268 1836 1338 CV·

337 1374 584 1439 STOS.
626 1373 696 1436 S.
730 1372 803 1436 0.
854 1371 1157 1454 Iuppiter
1189 1374 1421 1434 sedens
1448 1374 1512 1434 d.
1530 1372 1836 1456 fulmen,

339 1478 448 1540 vel
480 1474 945 1539 Victoriolam.
982 1472 1123 1536 AE.
1156 1474 1207 1535 1.
1244 1472 1599 1554 (Morelli.)

423 1572 774 1638 Suetonius
811 1576 907 1655 ·)=
960 1572 1216 1637 Novam
1251 1587 1473 1637 autem
1506 1575 1839 1636 excitavit
1934 1659 1951 1670 ·

339 1681 565 1740 aedem
613 1678 686 1749 in
744 1674 1079 1757 Capitolio
1140 1674 1559 1737 CVSTODI
1602 1673 1831 1738 IOVI.

339 1779 611 1842 Causam
657 1773 837 1839 addit
881 1773 1144 1838 Tacitus
1189 1771 1292 1855 b)=
1345 1773 1653 1837 nimirum
1700 1772 1839 1835 Do-

340 1879 674 1943 mitianum
719 1876 790 1937 in
832 1873 1154 1959 Capitolio
1200 1894 1285 1938 ex
1330 1875 1837 1943 Vitellianorum

3300 617 3445 694 393

1957 764 2143 828 abest
2192 764 2551 846 epigraphe
2602 764 2990 829 Domitiani
3030 770 3450 833 manentibus

1957 865 2264 946 ”liqui-50
3492 922 3498 929 .

2277 967 2458 1032 IMP.
2522 965 2837 1033 DOMIT.
2905 967 3112 1037 AVG.
3176 967 3449 1036 GERM.

2278 1067 2468 1132 008.
2514 1068 2622 1132 xl.
2682 1073 2756 1132 in
2798 1070 2998 1134 aliis:
3060 1070 3249 1134 008.
3302 1072 3450 1139 XV.

2286 1171 2503 1254 Caput
2541 1154 2894 1254 Apollinis
2926 1172 3326 1249 laureatum.

1952 1269 2021 1334 8.
2050 1268 2125 1335 0.
2161 1269 2384 1353 Lyra,
2434 1271 2577 1337 vel:
2631 1270 2911 1355 Serpens
2948 1274 3198 1353 tripodi
3228 1274 3458 1356 imple·

1945 1390 2099 1448 xus,
2132 1371 2274 1436 vel:
2317 1373 2566 1436 Corvus
2592 1393 2777 1435 ramo
2806 1376 3142 1440 insistens.
3187 1374 3271 1435 In
3296 1376 3457 1438 aliis

1964 1478 2150 1536 aiest
2178 1475 2539 1555 epigraphe
2570 1476 2979 1540 Domitiani.
3031 1463 3044 1476 ’

2289 1574 2468 1641 mr.
2538 1575 2854 1641 Doml'r.
2915 1574 3121 1641 AVG.
3183 1574 3459 1639 GERM.

2288 1677 2361 1737 in
2389 1677 2811 1740 aliis-addito
2840 1676 3031 1742 008.
3049 1677 3198 1746 XV.
3240 1679 3455 1763 Caput

2295 1777 2555 1841 Cereris
2587 1780 2792 1859 spicis
2823 1793 3238 1845 coronatum.

1961 1876 2030 1941 8.
2069 1877 2147 1941 0.
2213 1881 2354 1941 Vas
2403 1879 2941 1956 prominentibus
3002 1881 3240 1962 spicis,
3313 1881 3457 1945 vel:

340 1978 759 2066 inquisitione
796 1977 1122 2062 elapsum,
1158 1996 1320 2040 mox
1346 1979 1695 2059 imperium
1724 1978 1841 2038 ad-
1956 1975 2193 2061 Spicae
2222 1998 2371 2040 eum
2396 1981 2841 2060 papaveribus
2867 1979 3266 2062 colligatae,
3307 1980 3412 2045 vel
3439 2001 3455 2046 ε

340 2096 560 2166 eptam
623 2080 842 2143 1071
901 2080 1030 2143 GV
1028 2079 1076 2141 S
1086 2076 1323 2140 TODI
1370 2078 1683 2161 templum
1737 2079 1841 2141 in-

334 2204 502 2267 gens
519 2226 538 2259 ,
580 2200 778 2260 seque
809 2183 884 2243 in
916 2183 1073 2245 sinu
1101 2181 1211 2242 dei
1237 2184 1628 2265 sacravi-ne.

266 2440 271 2451 ·
386 2422 494 2484 De
530 2420 753 2483 narnis
772 2420 1011 2483 ‚aeneis
1046 2417 1178 2482 III.
1212 2416 1320 2479 vel
1352 2416 1476 2482 IV.
1498 2416 1794 2499 formae.

724 2552 765 2573 J

426 2585 711 2653 Iudicavi
760 2604 955 2668 snpra
996 2582 1066 2643 in
1115 2596 1375 2647 moneta
1423 2584 1840 2670 Vespasiani,

343 2690 474 2754 hoc
510 2690 878 2772 imperante
914 2684 1202 2769 signatos
1238 2684 1440 2749 fuisse
1474 2707 1708 2750 numos
1736 2708 1840 2750 ae-

345 2811 506 2854 neos
552 2788 852 2851 minimae
907 2784 1183 2852 formae.
1254 2787 1450 2851 Exile
1504 2787 1679 2850 istud
1727 2808 1839 2851 aes

345 2879 675 2977 copiosius
718 2901 819 2952 est
868 2885 988 2949 sub
1018 2887 1432 2966 Domitiano,
1483 2902 1677 2973 atque
1722 2890 1841 2952 eti-

345 3016 448 3056 am
479 2992 599 3057 snb
633 3003 1077 3075 consequente
1106 2990 1327 3074 paullo
1353 3003 1504 3074 post
1533 2990 1836 3072 TrajanO.

345 3098 487 3158 Hos
515 3096 692 3157 inter
724 3092 1027 3155 nnmnlos
1060 3091 1248 3153 multi
1278 3104 1458 3168 sunt,
1491 3090 1603 3176 qui
1637 3092 1842 3176 impe-

344 3195 581 3262 ratoris
616 3214 834 3280 neque
873 3206 1098 3277 caput,
1148 3213 1365 3280 neque
1402 3213 1645 3256 nomen
1680 3192 1844 3257 ofl'e-

344 3313 534 3377 runt,
566 3295 864 3361 nonnulli
892 3309 1110 3360 tamen
1146 3318 1267 3380 per
1298 3309 1506 3378 typos,
1540 3310 1609 3358 ut
1641 3296 1844 3379 conji-

347 3422 504 3471 cere
533 3401 714 3477 licet,
741 3398 1078 3483 pertinere
1114 3397 1192 3461 ad
1211 3397 1653 3461 Domitianum
1684 3418 1838 3481 cog-

344 3515 725 3569 noscuntur.
770 3501 875 3562 Ex
904 3499 1004 3562 his
1041 3520 1180 3576 eos,
1216 3500 1325 3585 qni
1356 3499 1839 3564 memorabilio-

346 3626 457 3669 res
490 3617 658 3680 sunt,
696 3615 764 3666 et
799 3615 983 3667 certe
1017 3601 1408 3677 Domitiani,
1458 3602 1566 3666 hic
1608 3621 1837 3665 recen-

347 3707 544 3784 sebo,
577 3704 793 3768 dilatis
824 3702 1097 3786 reliquis
1132 3704 1214 3768 ad
1240 3705 1589 3788 imperium
1619 3704 1838 3788 Traja-

347 3808 437 3872 ni.
498 3807 572 3870 ld
621 3826 831 3891 genus
877 3806 1059 3867 numi
1098 3806 1311 3870 videri
1354 3819 1625 3889 possunt
1671 3805 1843 3889 apud

278 3950 283 3957 -
350 3909 733 3975 Morellinm
761 3908 829 3970 in
849 3908 1227 3972 Domitiano
1254 3908 1379 3970 tab.
1402 3908 1604 3972 XXV.
1623 3952 1640 3984 ,
1671 3906 1844 3990 apud

286 4050 303 4057 ·
350 4011 754 4076 Gessnernm
803 4010 932 4074 tab.
987 4011 1294 4086 van„
1356 4022 1425 4071 et
1470 4007 1537 4068 in
1592 4007 1843 4071 Catalo·

352 4134 439 4196 go
473 4113 684 4177 musei
723 4111 1028 4177 Caesarei
1075 4110 1158 4175 ad
1208 4111 1456 4175 calcem
1494 4129 1842 4173 nnmornm
1890 4158 1905 4180 ,

354 4215 640 4299 Trajani.

680 4316 854 4379 lMP.
912 4311 1232 4378 DOMIT.
1299 4310 1504 4380 AVG.
1571 4308 1844 4377 GERM.

680 4417 872 4482 008.
904 4417 1111 4480 xlm.
1165 4416 1380 4496 Caput
1420 4415 1747 4480 Palladis.

356 4523 426 4587 S.
455 4520 527 4584 C.
569 4519 873 4596 Noctua,
911 4519 1020 4582 vel
1048 4519 1232 4580 oleae
1271 4536 1521 4581 ramus.
1566 4516 1650 4578 In
1686 4515 1847 4578 aliis

1957 2076 2175 2143 Navis
2208 2098 2501 2160 expanso
2535 2080 2704 2143 velo.

2291 2182 2470 2244 ῙΜΡ.
2533 2181 2851 2245 ΒΟΜΙΤ.
2910 2181 3116 2250 AVG.
3179 2182 3455 2249 GERM.

2293 2283 2510 2363 Caput
2554 2282 2880 2346 Palladis.

1958 2378 2069 2444 10.
2107 2380 2222 2449 10.
2263 2385 2627 2469 TRIVMP.
2662 2385 2894 2448 Arbor
2924 2386 3164 2452 olivae.
3210 2385 3457 2460 (Theu-

1954 2486 2146 2568 poli.)

2038 2583 2338 2650 Eandem
2382 2606 2675 2649 aversam
2721 2584 2964 2650 habent
3020 2587 3216 2650 etiam
3271 2589 3453 2650 numi

1953 2679 2292 2764 nonn‘nlli,
2377 2707 2541 2772 quos
2610 2687 2786 2752 inter
2842 2699 3127 2752 tesseras
3188 2691 3455 2773 reponi-

1952 2810 2119 2855 mus.

1982 2916 1989 2922 ·
2036 2892 2373 2954 Hactenus
2405 2887 2720 2966 vidimus,
2763 2900 2954 2972 typos
2986 2907 3257 2954 aversae
3297 2909 3454 2954 con·

1956 3005 2205 3056 stanter
2254 2990 2502 3054 reserri
2545 2989 2628 3063 acl
2671 2988 2970 3069 numina,
3035 3012 3310 3077 quorum
3350 3011 3457 3056 ca-

1955 3094 2090 3179 pita
2124 3092 2191 3154 in
2220 3092 2432 3157 antica
2468 3104 2947 3176 proponuntur.
3438 3154 3454 3171 ,

2283 3196 2463 3258 IMP.
2521 3193 2839 3261 Doml'r.
2909 3192 3113 3263 AVG.
3177 3193 3452 3262 GERM.

2284 3300 2360 3361 in
2394 3296 2641 3359 medio.-
2686 3297 2755 3361 S.
2788 3294 2866 3362 0.

1961 3398 2385 3462 Rhinoceros.

2040 3501 2210 3562 Tres
2261 3497 2331 3560 id
2372 3517 2580 3583 genus
2626 3497 2880 3561 nnmnli
2925 3510 3072 3560 sunt
3116 3497 3181 3558 in
3228 3517 3458 3561 museo

1956 3603 2321 3679 Caesareo,
2377 3600 2558 3686 iique
2601 3599 3037 3685 integerrimi.
3123 3603 3199 3662 ln
3249 3598 3459 3664 omni-

1953 3702 2075 3765 bns
2108 3702 2211 3766 his
2246 3725 2332 3768 ex
2362 3703 2808 3768 rhinocerotis
2843 3701 3107 3765 naribus
3144 3702 3276 3766 dno
3308 3723 3455 3767 cor-
3539 3774 3542 3777 ,

1954 3826 2082 3868 nna
2140 3804 2610 3893 protuberant,
2681 3805 2995 3881 alterum,
3066 3803 3245 3887 quod
3304 3824 3458 3887 pro·

1955 3907 2101 3990 pius
2143 3907 2383 3972 rictum
2428 3918 2568 3984 est,
2608 3908 2874 3992 longius
2897 3949 2915 3981 ,
2955 3906 3234 3970 alterum
3278 3905 3459 3989 panl-

1955 4008 2023 4071 lo
2067 4007 2298 4086 altius,
2352 4021 2422 4072 et
2461 4007 2677 4069 minus
2720 4008 3122 4091 prominens.
3212 4006 3456 4070 Rarior

1957 4122 2060 4171 est
2085 4109 2343 4192 species
2374 4108 2867 4171 rhinocerotum
2899 4106 3304 4184 bicorninm,
3340 4128 3454 4172 eo-

1958 4231 2107 4273 rum
2148 4223 2366 4274 tamen
2410 4209 2537 4292 jam
2582 4209 2945 4274 meminere
2989 4221 3282 4275 veteres.
3347 4210 3453 4272 De

1960 4310 2156 4374 simili
2193 4311 2510 4375 Martialis
2552 4312 2648 4393 θ).

2042 4411 2347 4495 Namque
2381 4433 2654 4497 gravem
2712 4411 3097 4478 GEMINO
3141 4412 3468 4481 CORNV

2618 4518 2720 4578 sic
2751 4518 3005 4579 extulit
3042 4539 3291 4583 ursum.

912 4728 983 4802 b)
1025 4727 1175 4785 nist.
1199 4727 1301 4785 111.
1327 4737 1417 4790 74.
1568 4730 1628 4799 c)
1667 4725 1795 4785 Lib.
1829 4726 2101 4804 spectac.
2132 4726 2319 4804 epigr.
2357 4738 2450 4789 22.

2764 4817 3004 4881 Ddd
