4509 5584
1691 580 2285 657 TIBERrVS.

437 770 583 815 rum
612 748 779 814 illud
814 771 1133 827 marmor,
1187 750 1364 835 quod
1398 741 1681 813 ex'enute
1714 769 1951 834 saecu-

437 850 505 914 lo
536 841 882 936 superiore
914 854 1083 937 apud
1112 853 1427 917 Puteolos
1462 852 1772 915 effossum
1804 865 1937 926 est,

437 953 705 1018 Caesari
757 955 1032 1019 Tiberio
1076 951 1398 1029 dicatum,
1461 955 1637 1020 XIV.
1693 954 1937 1036 figuras

437 1054 796 1122 muliebres
868 1055 1139 1119 exhibet
1189 1071 1337 1119 cum
1397 1055 1778 1139 subscriptis
1833 1076 1941 1115 ur-

437 1155 618 1220 bium
693 1157 967 1219 totidem
1031 1158 1461 1221 Asiaticarum
1531 1155 1938 1233 nominibus,

436 1247 603 1346 quae
659 1257 890 1323 eadem
940 1271 1087 1323 sunt
1133 1280 1281 1322 cum
1321 1257 1438 1335 iis,
1490 1279 1656 1343 quae
1690 1279 1939 1322 memo·

435 1374 537 1424 rat
577 1361 878 1438 Tacitus,
950 1359 1186 1422 additis
1228 1349 1576 1444 praeterea
1625 1361 1934 1446 Epheso,

438 1471 509 1526 et
534 1461 798 1543 Cibyra.
912 1525 937 1546 x
1523 1519 1529 1528 .

561 1560 667 1621 Ad
730 1560 1180 1644 explicandam
1249 1581 1517 1627 aversae
1579 1560 1935 1645 imaginem

438 1662 1084 1726 commemorandum
1187 1664 1450 1726 omniuo
1542 1663 1932 1747 Phlegontis

435 1764 754 1827 Tralliani
811 1766 1256 1829 testimonium
1300 1767 1388 1847 ⁸),
1451 1766 1569 1851 qui
1619 1786 1701 1827 ex
1736 1763 1937 1848 Apol-

434 1866 616 1930 lonio
675 1866 919 1967 refert,
978 1868 1235 1930 Tiberii
1269 1879 1480 1930 aetate
1527 1853 1933 1947 complures,

435 1981 507 2034 et
563 1968 856 2031 illustres
913 1968 1110 2030 urbes
1174 1981 1575 2031 terraemotu
1636 1987 1935 2044 eversas,

437 2090 596 2154 quas
632 2068 909 2132 subinde
944 2071 1304 2153 imperator
1344 2068 1628 2151 propriis
1668 2069 1934 2152 sumpti-

432 2170 558 2234 bus
599 2170 874 2248 refecit,
917 2192 1040 2254 pro
1086 2192 1221 2256 quo
1260 2168 1586 2233 beneficio
1636 2170 1931 2233 colossus

437 2274 504 2337 ei
562 2270 901 2334 dedicatus
957 2273 1208 2336 Romae
1268 2272 1335 2333 in
1391 2271 1543 2333 foro
1605 2271 1787 2353 juxta
1828 2290 1933 2334 ae·

437 2373 591 2438 dem
624 2374 945 2449 Veneris,
999 2373 1318 2436 adstitutis
1359 2373 1617 2435 urbium
1649 2359 1931 2456 singula·

435 2496 587 2541 rum
649 2474 1033 2541 simulacris.
1133 2474 1328 2566 Quod
1393 2475 1654 2538 disertis
1711 2474 1931 2538 verbis

438 2591 701 2642 enarrat
742 2576 1079 2659 Phlegon,
1149 2577 1315 2639 illud
1370 2579 1581 2661 ipsum
1624 2576 1690 2638 in
1737 2576 1934 2639 citato

437 2687 767 2742 marmore
825 2680 1229 2757 Puteolano,
1308 2680 1517 2742 oculis
1598 2676 1940 2755 videmus,

438 2779 617 2867 quod
674 2779 848 2843 haud
915 2781 1112 2845 dubie
1176 2780 1536 2844 secundum
1598 2779 1937 2861 exemplar

436 2882 805 2945 Romanum
873 2883 1191 2966 scalptum
1254 2882 1490 2961 fuerit,
1561 2894 1630 2944 et
1687 2881 1768 2943 ad
1827 2880 1940 2942 de-

436 2983 940 3069 praedicandam
995 2983 1252 3047 Tiberii
1298 2983 1759 3047 liberalitatem
1811 2983 1939 3044 Pu-

438 3086 633 3149 teolis
677 3085 1068 3151 dedicatum.
1153 3086 1540 3148 Colosseum
1594 3099 1809 3147 autem
1861 3085 1939 3146 il-

436 3188 556 3257 lud
621 3185 1049 3251 memoratum
1101 3186 1461 3270 Phlegonti
1518 3185 1936 3250 simulacrum

434 3287 614 3355 haud
646 3289 911 3352 dubium
946 3291 1205 3355 videtur
1232 3289 1434 3352 fuisse
1466 3287 1700 3351 eodem
1736 3291 1939 3366 cultu,

439 3413 570 3477 quo
615 3390 685 3452 in
723 3406 1067 3475 praesente
1119 3413 1317 3454 numo
1347 3390 1653 3455 Tiberius
1699 3411 1941 3476 propo-

441 3493 639 3559 nitur.
726 3494 909 3556 Nihil
971 3496 1099 3558 huc
1162 3494 1422 3558 confert
1483 3513 1772 3556 marmor
1811 3495 1940 3556 Pu·-

443 3595 818 3673 teolanum,
875 3597 1060 3679 cujus
1110 3609 1357 3658 tantum
1399 3593 1571 3659 basis
1619 3610 1943 3679 superest,

442 3697 671 3782 signo,
693 3697 869 3783 quod
905 3698 968 3761 ei
995 3698 1396 3761 imminuisse
1426 3699 1784 3764 verisimile
1817 3714 1941 3778 est,

439 3814 812 3885 temporum
862 3799 1097 3880 injuria
1152 3800 1524 3884 deperdito.
1593 3803 1698 3866 De
1746 3803 1943 3885 hujus

442 3901 852 3968 monumenti
888 3902 1237 3965 Puteolani
1271 3903 1517 3981 forma,
1576 3907 1643 3966 et
1679 3903 1942 3968 erudito

443 4018 830 4091 argumento
871 4003 980 4091 qui
1012 4005 1201 4089 plura
1236 4026 1432 4068 nosse
1471 4006 1709 4089 cupiet,
1753 4005 1944 4070 adeat

446 4106 772 4196 prolixam
815 4105 898 4170 de
945 4129 1029 4172 eo
1071 4107 1411 4170 Laurentii
1454 4107 1774 4174 Gronovii
1816 4109 1942 4172 dis·

430 4203 872 4273 'cenationem
938 4211 1248 4275 insertam
1308 4213 1522 4274 Temo
1579 4213 1725 4279 VII.
1769 4212 1944 4274 'rhe-

443 4310 625 4381 senri
692 4313 1143 4402 antiquitatum
1213 4312 1575 4392 Gronovii,
1643 4325 1713 4378 et
1790 4312 1945 4377 Bel·

442 4413 666 4498 Ieyum
694 4414 785 4500 ¹³).

508 4669 583 4787 ia)
620 4714 711 4771 De
741 4713 868 4772 reb.
903 4713 1117 4777 mirab.
1152 4733 1202 4775 c.
1229 4728 1315 4782 13.

448 4822 508 4881 p.
531 4816 655 4877 129.
940 4863 945 4867 ,

366 5011 381 5018 ⁸
529 4913 716 4995 (Vol.
751 4914 903 4994 VI.)

1480 4714 1554 4788 b)
1592 4714 1656 4776 B.
1693 4714 1760 4775 1..
1785 4713 1855 4776 Τ.
1882 4713 2090 4779 XXIV.
2126 4723 2328 4795 p.128.

3406 599 3547 678 193

2110 831 2115 844 ι
2181 749 2550 812 Simulacro
2575 746 2720 832 ipsi,
2755 746 3020 814 utillud
3059 748 3260 812 offert
3290 772 3544 830 numus,

2050 853 2214 914 nihil
2246 873 2369 935 pro
2415 837 2797 934 praesente,
2858 864 2924 914 et
2963 852 3304 916 manifeste
3341 854 3560 916 numi·-

2049 976 2136 1017 ne
2196 953 2403 1019 deest.
2507 952 2762 1015 Adsunt
2820 964 3096 1036 putem,
3134 955 3354 1031 hasta,
3408 939 3556 1032 sca·

2052 1056 2328 1121 bellum.
2435 1056 2617 1138 Ergo
2677 1075 2823 1119 cum
2888 1056 3061 1138 ajunt
3107 1057 3407 1132 Tacitus,
3473 1075 3554 1121 ac

2053 1158 2440 1235 Suetonius,
2519 1155 2856 1218 Tiberium
2932 1156 3222 1220 honores
3294 1157 3556 1221 divinos

2051 1273 2455 1340 aversatum,
2516 1256 2582 1318 id
2641 1257 2815 1319 forte
2862 1257 2986 1320 sub
3042 1258 3184 1340 ejus
3229 1260 3553 1344 principa·

2049 1374 2154 1424 tus
2198 1360 2422 1435 initio,
2478 1371 2546 1421 et
2588 1358 2872 1421 necdum
2915 1360 3068 1422 satis
3111 1358 3304 1422 firmo
3346 1362 3557 1445 impe·

2048 1464 2153 1526 rio
2197 1482 2428 1526 verum
2472 1461 2710 1537 fuerit,
2771 1460 2982 1523 serius
3025 1460 3550 1544 magnificentius

2051 1564 2139 1629 de
2173 1585 2243 1627 se
2279 1564 2591 1639 senserit,
2653 1575 2760 1626 aut
2797 1563 3063 1639 saltem,
3110 1577 3183 1626 ut
3215 1581 3556 1648 nunquam

2050 1667 2297 1731 cultum
2344 1664 2702 1729 coelestem
2767 1686 2802 1728 a
2862 1664 2996 1725 suis
3059 1666 3400 1750 exegerit,
3459 1666 3554 1730 ita

2047 1757 2608 1846 non'obstiterit²
2683 1764 2744 1827 si
2795 1764 3190 1845 habebatur,
3266 1766 3554 1850 perinde

2050 1885 2242 1955 atque
2282 1868 2457 1932 idem
2489 1868 2607 1930 ille
2631 1867 2910 1950 Augusti
2946 1888 3192 1930 nomen
3210 1889 3340 1931 non
3361 1883 3554 1931 usur·

2049 1972 2277 2056 pabat,
2377 1970 2647 2034 audiens
2717 1983 2971 2044 tamen,
3051 1982 3160 2031 ant
3232 1970 3550 2052 scriptum

2048 2072 2285 2157 legens
2337 2072 2593 2134 ferebat
2623 2072 2705 2153 c).
2797 2072 2966 2132 Sane
3011 2091 3184 2132 anuo
3227 2087 3556 2156 sequente

2046 2174 2348 2258 permisit
2400 2173 2562 2247 sibi,
2634 2193 2710 2235 ac
2758 2172 2948 2234 matri
3000 2171 3322 2256 templum
3377 2172 3555 2257 apud

2048 2277 2390 2359 Smyrnam
2446 2274 2770 2350 dedicari,
2841 2287 3117 2336 matrem
3161 2294 3325 2338 vero
3369 2273 3556 2337 omni

2046 2377 2209 2441 deae
2249 2379 2430 2440 cultu
2477 2376 2875 2464 propositam
2909 2374 3204 2440 videmus
3248 2397 3444 2462 supra
3475 2375 3554 2438 in

2047 2480 2188 2564 ejus
2210 2481 2544 2564 Augustae
2577 2481 2809 2541 numis.

2175 2582 2460 2649 Videtur
2509 2580 2803 2643 colossus
2841 2579 2954 2643 hic
2985 2577 3380 2641 Tiberianus
3411 2577 3548 2642 boc

2050 2683 2316 2768 demum
2361 2702 2531 2745 anno
2588 2679 2840 2759 finitus,
2919 2695 2988 2745 et
3036 2680 3409 2756 dedicatus,
3476 2698 3556 2744 uc

2051 2784 2326 2848 subinde
2391 2782 2603 2846 numis
2661 2784 2965 2848 insertus.
3051 2782 3274 2850 Video
3332 2795 3558 2844 tamen

2050 2887 2223 2971 apud
2296 2886 2642 2969 Belleyum
2682 2883 2787 2967 d)‚
2864 2882 3400 2959 Mediobarbum,
3481 2894 3556 2946 es

2050 2988 2119 3049 in
2163 2988 2306 3050 aliis
2341 2986 2651 3070 catalogis
2686 2987 3037 3049 memorari
3078 2984 3227 3048 trib.
3272 2996 3555 3066 potesta·

2051 3103 2186 3153 tem
2252 3091 2427 3152 XXI.
2472 3089 2684 3152 numis
2744 3088 2974 3150 similis
3031 3086 3400 3173 argumenti
3458 3086 3557 3151 in·

2051 3194 2392 3275 scriptam,
2454 3191 2628 3254 unde
2686 3203 3104 3275 sequeretur,
3167 3208 3553 3251 mouumen-

2049 3308 2188 3357 tum
2236 3293 2402 3357 illud
2446 3293 2714 3357 biennio
2748 3306 2896 3376 post
2933 3312 3078 3354 eam
3118 3290 3556 3354 calamitatem

2050 3395 2446 3461 dedicatum.
2550 3398 2622 3457 ln
2680 3396 2977 3479 catalogo
3035 3393 3248 3455 musei
3322 3394 3555 3455 Caesa·

2049 3499 2155 3561 rei
2225 3498 2621 3582 typographi
2693 3497 2884 3581 lapsu
2947 3495 3262 3580 scriptum
3306 3495 3554 3579 legitur

2058 3603 2203 3668 ΤΒ.
2233 3601 2441 3666 ΡΟΤ.
2477 3601 2712 3664 xxm.

2786 3702 2834 3740 2.
2879 3712 2891 3724 .

2580 3750 2619 3787 ι
2993 3747 3035 3787 αι

2341 3807 2452 3870 Tr.
2507 3804 2875 3869 CAESAR.
2939 3804 3150 3872 DIVI.
3215 3800 3424 3870 AVG.
3477 3802 3555 3869 F.

2340 3908 2721 3974 AVGVST.
2792 3907 2871 3973 P.
2952 3908 3044 3967 Η.
3121 3906 3261 3970 ΤΒ.
3342 3905 3550 3970 ΡΟΤ.

2336 4010 2639 4084 xx1111.‚
2682 4012 2754 4070 ἰη
2786 4009 3045 4070 medic.-
3086 4006 3157 4070 S.
3186 4008 3263 4073 G.

2048 4110 2352 4179 DIVVS.
2389 4111 2886 4179 AVGVSTVS.
2925 4109 3249 4174 PATER.
3312 4109 3559 4190 Augu·

2054 4228 2202 4276 stus
2234 4217 2456 4295 capite
2492 4215 2759 4273 radiaco
2787 4213 3024 4274 sedens
3048 4212 3113 4276 d.
3141 4223 3418 4273 extenta
3450 4232 3558 4273 ra·

2056 4335 2268 4389 mum,
2311 4337 2366 4378 s.
2399 4315 2700 4391 hastam,
2738 4314 2942 4390 juxta
2978 4332 3136 4391 ara,
3169 4312 3280 4376 vel
3304 4333 3551 4374 mensu.

2054 4418 2195 4481 ΑΕ.
2229 4418 2283 4480 1.
2315 4418 2522 4494 (Mus.
2552 4415 2770 4498 Caes.)

2490 4716 2555 4790 c)
2593 4715 2706 4777 nio
2735 4714 3001 4779 1..1.v11.
3034 4718 3085 4792 §-
3104 4725 3158 4784 ο.
3321 4717 3391 4792 a)
3429 4713 3468 4775 1.
3502 4735 3552 4775 c.

2919 4914 3052 4977 Bb
