4509 5584
1100 511 1178 571 lv
2205 502 3176 579 PRAEFA-'rta

1101 682 1292 799 Q'ua
1332 685 1489 768 'illa
1552 681 1801 767 laude
1854 678 2537 795 praecedentium
2585 686 3077 796 regnorum,
3136 681 3290 765 etsi
3349 660 3991 772 clarissimorum
4054 717 4233 774 mo-

1110 837 1391 907 netam
1447 823 1694 933 longe
1748 832 2084 934 superat
2103 886 2129 925 ,
2191 844 2406 931 quae
2447 818 2600 901 vix
2648 818 2820 903 ullo
2880 816 2986 901 ad
3033 816 3467 904 historiam
3513 822 3883 908 subsidio
3935 826 4234 910 eodem

1113 941 1287 1044 fere
1333 972 1659 1045 tantum
1716 969 2205 1070 argumento
2262 967 2713 1067 occupatur
2727 1022 2753 1063 ,
2809 955 2927 1038 sic
2981 969 3077 1040 ut
3137 972 3580 1071 conspecto
3629 988 3799 1044 uno
3858 963 4235 1075 ejusdem

1110 1098 1325 1210 regis
1372 1103 1627 1180 numo
1674 1108 1765 1180 te
1817 1098 1993 1207 ejus
2057 1121 2341 1176 omnes
2392 1088 2699 1176 vidisse
2749 1092 3007 1205 possis
3075 1095 3476 1180 arbitrari.
3561 1096 3872 1181 Confer
3905 1198 3910 1201 ,
3938 1126 4235 1184 numos

1115 1232 1475 1348 Philippi
1505 1232 1639 1339 11„
1704 1229 2143 1314 Alexandri
2180 1228 2292 1312 M.
2317 1296 2342 1329 ,
2387 1228 3092 1339 Ptolemaeorum,
3118 1229 3641 1342 Lysimachi,
3696 1234 4237 1350 aliorumque.

1115 1377 1499 1456 Aetatem
1546 1396 1744 1454 vero
1798 1393 2245 1451 numorum
2265 1432 2289 1473 ‚
2347 1364 2505 1475 etsi
2558 1394 2729 1451 non
2776 1394 3105 1481 semper
3141 1368 3418 1482 ipsum
3460 1398 3775 1456 annum
3823 1386 4238 1484 tenemuS,

1116 1510 1235 1595 sic
1288 1522 1574 1594 tamen
1621 1505 2025 1627 hahemus
2082 1502 2544 1610 definitam,
2600 1517 2699 1589 ut
2743 1503 2952 1589 certi
3015 1533 3197 1589 esse
3244 1507 3654 1621 possimus
3682 1570 3709 1614 ,
3766 1538 4058 1596 eorum
4096 1541 4243 1605 na·-

1115 1649 1320 1734 tales
1381 1628 1881 1729 coercendos
1926 1642 2148 1727 intra
2201 1655 2532 1754 tempus
2558 1709 2584 1749 ,
2640 1669 2803 1755 quo
2843 1640 2918 1725 is
2977 1642 3326 1756 imperio
3389 1645 3787 1759 praefuit,
3848 1650 4085 1763 cujus
4129 1651 4242 1733 in

1117 1786 1223 1871 iis·
1268 1785 1539 1895 imago
1597 1774 2068 1864 exhibetur.
2124 1779 2293 1865 Sed
2332 1792 2424 1864 et
2441 1776 2675 1862 istud
2724 1777 3043 1888 animo,-
3105 1776 3249 1894 qui
3281 1782 3582 1867 veteris
3631 1784 3817 1869 aevi
3856 1786 4245 1871 recorda-

1116 1924 1343 2007 tione
1398 1916 1763 2033 suaviter
1814 1915 2243 2024 adficitur,
2297 1945 2470 2002 non
2518 1916 2950 2029 vulgarem
3022 1915 3272 2003 debet
3326 1917 3649 2004 adferre
3706 1923 4247 2036 voluptatem,

1108 2058 1349 2175 ,quod
1407 2057 1617 2142 haec
1675 2054 2145 2168 principum
2186 2056 2745 2139 Romanorum
2795 2054 3046 2156 series
3104 2055 3305 2141 inde
3365 2085 3416 2140 a
3450 2057 3654 2151 Iulio
3693 2056 4047 2147 Caesare
4103 2091 4250 2147 us·-

1122 2227 1285 2314 que
1354 2195 1462 2280 ad
1518 2206 2031 2309 postremum
2095 2190 2734 2277 Constantinum
2779 2204 2930 2305 per
2974 2194 3323 2279 saecula
3377 2195 3714 2281 omnino
3745 2197 3932 2282 XV.
3979 2200 4249 2312 porri-

985 2346 990 2351 ’
1120 2336 1380 2450 gitur,
1426 2346 1525 2417 -et
1584 2330 2102 2444 singulorum
2164 2331 2404 2414 offert
2449 2329 2903 2443 imagines,
2949 2343 3038 2415 et
3080 2331 3260 2444 ipsa
3310 2334 3570 2418 oeulis
3623 2334 3910 2443 fidele,
3972 2336 4254 2420 incor-

1125 2485 1639 2584 ruptumque
1706 2467 2277 2581 testimonium
2339 2466 2624 2580 objicit
2681 2467 3035 2569 maximi
3107 2469 3306 2553 olim
3363 2499 3511 2582 per
3570 2473 3862 2556 orbem
3920 2471 4255 2585 imperii

1124 2607 1553 2721 paullatim
1602 2610 1822 2724 mole
1861 2636 2011 2692 sua
2048 2603 2496 2689 laborantis
2551 2602 3175 2718 deficientisque
3196 2669 3223 2709 ,
3286 2635 3384 2690 ac
3439 2607 3796 2723 denique
3841 2609 3932 2693 in
3978 2624 4259 2711 extre·-

1129 2774 1356 2829 mam
1418 2745 1885 2857 barbariem
1903 2813 1929 2854 ,
1986 2742 2348 2855 artisque
2390 2741 2695 2828 veteris
2736 2740 3239 2827 oblivionem
3285 2744 3666 2859 prolapsi.

1120 2982 1129 2987 ,
1297 2886 1593 3003 Atque
1617 2884 1829 2970 haec
1863 2896 2041 2968 tam
2075 2893 2353 2989 vasta,
2410 2892 2588 2964 tam
2642 2877 2811 2962 late
2861 2891 3151 2991 patens
3189 2896 3579 2967 monetae
3618 2882 3921 2968 veteris
3966 2881 4252 2966 classis

1124 3049 1326 3106 cum
1364 3049 1534 3106 non
1580 3021 1830 3107 modo
1856 3004 2363 3133 philologiae
2406 3013 2694 3100 studiis
2735 3014 3234 3129 amplissima
3274 3018 3589 3117 adferat
3634 3019 4045 3129 subsidia,
4091 3020 4258 3103 sed

1088 3159 1384 3245 ‘etiam
1442 3150 1969 3273 antiquitatis·
2015 3152 2486 3268 cognitione
2555 3152 2907 3239 delectet
2967 3154 3343 3241 animum
3358 3223 3383 3266 ,
3441 3155 3929 3265 incredibile
3983 3155 4255 3265 dictu,

1127 3294 1447 3411 {quanta
1502 3274 1957 3410 cupiditate
1984 3292 2203 3377 inde
2270 3321 2321 3374 a
2369 3292 2683 3376 renatis
2742 3289 2999 3375 literis
3066 3320 3236 3376 non
3296 3292 3707 3406 principes
3755 3288 4004 3378 modo
4020 3362 4048 3400 ,
4108 3290 4260 3378 sed

1128 3433 1453 3548 privati·
1497 3456 1828 3547 quoque
1864 3428 2459 3541 comparandis
2518 3426 2649 3511 his
2694 3430 3112 3512 Romanae
3156 3430 3586 3533 vetustatis
3645 3431 4011 3544 reliquiis
4056 3461 4270 3545 ope-

1132 3601 1368 3679 ram,
1423 3584 1971 3683 sumptusque
2011 3566 2609 3681 impenderint,
2671 3578 2758 3649 et
2804 3564 3027 3681 quod
3071 3565 3333 3680 magis
3380 3564 3731 3676 mirum,
3788 3568 3933 3652 vix
3979 3567 4265 3675 immi-

1121 3725 1345 3811 ‚nuto
1398 3739 1443 3791 a
1500 3722 1630 3793 ⁴tot
1677 3708 1847 3824 jam
1909 3704 2258 3791 saeculis
2312 3703 2405 3787 in
2448 3701 2954 3814 hodiernum
3017 3732 3286 3818 usque
3338 3702 3561 3787 diem
3604 3703 4048 3790 adversum
4121 3733 4264 3789 eas

1131 3848 1494 3965 adfectu.
1557 3847 1876 3931 Horum
1919 3840 2514 3958 honestissimis
2574 3840 2906 3951 studiis,
2955 3855 3206 3956 atque
3267 3840 3673 3925 indefesso
3725 3843 4064 3927 conatui
4119 3842 4266 3926 de-

1128 3986 1440 4088 ,bemus
1509 3984 2008 4096 locupletes,
2065 3994 2153 4066 et
2183 4019 2191 4029 ·
2219 3978 2578 4064 illustres
2611 3979 2879 4064 series
2937 3981 3044 4062 ab
3111 4008 3212 4063 eo
3272 3992 3647 4091 tempore
3702 3980 4070 4094 cognitas
4089 4036 4120 4088 ,-
4180 3993 4278 4062 et

1118 4125 1236 4225 ‚in
1275 4122 1701 4215 literarum
1753 4122 2268 4204 incrementa
2303 4145 2512 4201 cum
2550 4118 2752 4200 orbe
2799 4115 3124 4201 erudito
3164 4115 3816 4202 communicatas
3836 4187 3862 4227 ,
3921 4144 4054 4201 ex·
4076 4115 4270 4231 qui-

1128 4262 1303 4345 hus
1352 4288 1491 4344 eas
1520 4329 1544 4367 ,
1586 4286 1814 4370 -quae
1868 4254 2329 4342 illustrioris
2377 4266 2574 4339 sunt
2626 4281 2774 4367 per
2809 4254 3240 4367 Europam
3291 4257 3607 4358 famae,
3672 4254 3870 4369 alibi
3917 4284 4271 4340 enume-

1122 4398 1328 4501 „ravi
1367 4389 1456 4501 ⁸);
1513 4394 1956 4481 Praeclaris
1992 4392 2124 4476 his
2166 4389 2511 4476 cimeliis
2555 4391 3139 4505 conquirendis
3180 4393 3791 4508 inferendisque
3830 4422 4025 4477 cum
4065 4421 4266 4481 suas

1126 4534 1309 4636 ‚viri
1363 4534 1589 4618 beati
1642 4546 1915 4647 partes
1988 4514 2322 4615 abunde
2389 4528 2992 4647 implevissent,
3065 4530 3496 4613 nolebant·
3531 4530 3700 4615 suis
3759 4530 4051 4616 deesse
4106 4530 4274 4614 viri

1158 4744 1167 4751 ·
1238 4728 1297 4794 a)
1338 4722 1472 4781 vol.
1508 4724 1552 4780 Ι.
1594 4718 1997 4797 Ρτο1α3.·ςοιι.
2020 4738 2160 4796 cap.
2184 4717 2397 4776 ml.
