4509 5584
1106 569 1251 645 564

1100 822 1541 918 epigraphen:
1615 829 1696 893 Τ.
1755 827 1999 893 CAES.
2061 831 2237 894 ΙΜΡ.
2295 830 2592 909 ΡΟΝΤ.,

1094 958 1221 1021 qua
1254 932 1405 1000 vivo
1452 942 1638 1016 patre
1672 949 1826 995 usus
1864 942 1985 993 eat.

2453 557 2881 649 Ttwvsq

1098 731 1244 794 diae
1276 723 1665 813 Vespasiani
1692 724 1970 809 imperio
2008 723 2290 790 debetur
2321 740 2597 812 propter

2739 740 2744 745 ·
2801 727 3265 793 Alexandrini
3296 727 3520 811 plures
3553 740 3826 804 exstant,
3859 728 3980 795 aed
4013 752 4180 815 quam

2710 830 2939 893 miram
2977 827 3256 892 habeant
3291 832 3774 910 oeconomiam,
3821 830 4088 897 diximus
4116 833 4178 895 in

2709 933 2947 999 horum
2983 932 3214 997 classe.

2377 1212 2933 1288 PRETIVM.

1420 1393 1662 1471 Aurei,
1709 1408 1776 1458 et
1806 1386 2123 1478 argentes
2248 1428 2277 1442 -

1413 1496 1628 1560 Aenei
1663 1497 1711 1560 1.
1748 1510 1814 1561 et
1850 1498 1933 1560 11.
1971 1495 2223 1558 formae

1413 1597 1629 1662 Aenei
1663 1598 1771 1659 111.
1808 1611 1877 1660 et
1911 1598 2024 1664 IV.
2056 1596 2309 1659 formae
2440 1631 2466 1645 ·

1101 1705 1471 1768 commatis
1498 1703 1839 1783 peregrini
1857 1723 1879 1761 .-

1414 1800 1740 1884 Argentei
1778 1819 1943 1861 max.
1982 1797 2159 1865 mod.
2198 1819 2350 1862 cum
2392 1818 2566 1860 armo
2606 1817 2772 1862 novo
2806 1820 2994 1864 sacro

1409 1902 1623 1964 Aenei
1659 1901 1923 1963 urbium
1958 1902 2316 1967 liberarum
2443 1935 2470 1948 ·-

1412 2002 1835 2066 Coloniarum

1358 2114 1373 2134 ·
1412 2103 1842 2168 Alexandrini

3612 1803 3752 1862 RB.

3607 1947 3876 2065 n'mm.

3609 2107 3754 2170 RB.

2240 2386 2725 2452 VXORES
2796 2382 3121 2449 TITL·

1171 2570 1357 2634 onr
1389 2569 1438 2631 Ι.
1489 2570 1840 2633 Arricidc‘a
1869 2567 2170 2629 Tertullo
2199 2578 2385 2650 patre
2413 2568 2592 2652 equi-

1090 2685 1153 2733 te
1194 2672 1275 2735 R.
1312 2683 1494 2747 nata,
1543 2691 1734 2755 quam
1768 2669 2026 2753 juvenis
2063 2668 2248 2732 duxit
2287 2672 2368 2751 ει).
2419 2651 2589 2754 Ejus

1089 2772 1257 2836 nulli
1294 2773 1475 2836 numi
1513 2772 1781 2856 cogniti.

1172 2877 1361 2941 onr.
1395 2876 1476 2940 11.
1528 2875 1803 2937 Marcia
1839 2873 2148 2935 Fut-nilla
2187 2873 2254 2933 in
2292 2885 2588 2936 mortuae

1087 2976 1452 3041 Arricidiae
1484 2976 1703 3040 locum
1733 2974 2068 3051 successit,
2102 2973 2447 3057 splendido
2481 2994 2592 3059 ge—

1090 3099 1252 3143 nere
1291 3092 1468 3156 orta,
1511 3100 1659 3143 cum
1700 3101 1825 3164 qua
1865 3077 2217 3144 divortium
2252 3077 2414 3139 fecit
2444 3076 2592 3139 aub-

1089 3182 1222 3245 lata
1261 3181 1397 3244 filia
1428 3181 1613 3245 Iulia
1642 3180 1732 3263 ¹³).
1793 3182 2048 3257 Fuere,
2097 3180 2208 3264 qui
2244 3179 2309 3243 ei
2343 3179 2590 3251 tribue,-

1091 3298 1242 3347 rent
1272 3303 1542 3346 numum
1582 3296 2007 3369 sequentem:

1376 3376 1830 3452 ‹1³0TAB1A.
1873 3381 2321 3451 CGBACTH.
2374 3387 2589 3466 Hujus

1375 3499 1599 3567 caput.

1091 3580 1719 3650 APPGIPALQN.
1789 3592 1915 3653 Vir
1957 3590 2196 3653 habitu
2241 3601 2468 3662 curte,
2520 3601 2589 3650 et

1088 3699 1308 3750 tectus
1354 3687 1536 3769 pileo
1587 3689 1886 3773 Phrygio
1927 3677 2252 3772 gradiens
2297 3692 2360 3753 d.
2408 3692 2592 3768 jacu-

1083 3791 1244 3853 lum.
1317 3785 1467 3851 ΑΕ.
1519 3789 1885 3874 (Angeloni
1929 3791 2096 3855 Hist.
2145 3795 2317 3875 Aug.
2366 3813 2429 3875 p.
2469 3796 2579 3873 70.

1084 3892 1275 3954 Patin
1311 3890 1395 3955 ad
1431 3893 1730 3956 Suetonii
1762 3894 1981 3957 Titum
2021 3913 2078 3959 c.
2113 3903 2203 3969 4.)

1166 3996 1467 4081 Vterque
1524 3996 1629 4060 vir
1686 3996 1980 4061 eruditus
2046 4017 2130 4060 ex
2192 3995 2324 4060 hoc
2383 4016 2582 4057 numo

1084 4098 1372 4185 colligit,
1449 4099 1640 4182 hujus
1702 4097 1986 4164 feminae
2048 4119 2287 4163 nomen
2311 4144 2329 4177 ,
2406 4096 2583 4183 quod

2708 2567 2957 2633 varium
3028 2566 3097 2627 in
3170 2566 3503 2631 codicibus
3567 2568 3868 2634 Suetonii
3925 2563 4197 2649 legitur,

2706 2668 3011 2730 nimirum
3039 2654 3371 2747 Fumida,
3406 2673 3731 2747 Furrina,
3765 2658 4036 2742 Fulvia,
4064 2664 4200 2729 Fla-

2707 2771 2875 2835 villa
2917 2783 3044 2834 ctc.
3086 2768 3289 2833 fuisse
3327 2773 3603 2849 Fulvia,
3657 2793 3730 2836 ae
3765 2770 4039 2834 Patinus
4076 2764 4198 2851 qui·

2707 2870 2857 2934 dem
2909 2871 3303 2955 pertinacius
3342 2871 3517 2935 istud
3556 2874 3839 2951 adserit,
3902 2868 4199 2958 quoniam

2705 2972 2968 3056 antiquo
3034 2962 3407 3039 numismati
3465 2974 3633 3065 nihil
3709 2988 3933 3060 potest
4010 2968 4199 3034 refra-

2707 3075 2868 3159 gari,
2935 3081 3020 3138 At
3060 3077 3428 3159 praestabat
3462 3078 3726 3162 longius
3761 3076 4105 3162 inquirere
4139 3071 4200 3133 in

2707 3177 2884 3240 numi
2927 3177 3162 3257 fidem,
3208 3193 3317 3243 aut
3359 3192 3608 3243 certam
3644 3180 3785 3263 ejus
3826 3178 4199 3242 lectionem.

2707 3280 2977 3344 Mulieri
3018 3280 3399 3364 repudiatae
3438 3281 3801 3346 dedicatam
3838 3291 4198 3351 monetam,

2707 3383 2949 3445 nedum
2987 3382 3223 3446 dictam
3262 3383 3618 3467 Augustam
3641 3429 3659 3459 ,
3708 3383 3817 3448 vix
3854 3379 4199 3449 credibile.

2704 3486 2943 3569 Argira
2980 3485 3136 3567 urbs
3167 3484 3491 3560 Achaiae,
3542 3485 3607 3545 in
3649 3505 3775 3571 qua
3808 3503 4088 3547 numum
4130 3480 4203 3542 zi-

2707 3602 2972 3671 gnatum
3016 3601 3243 3650 censet
3280 3587 3699 3678 Angelon'us,
3744 3585 3906 3649 mihi
3951 3585 4201 3670 ignota,

2710 3710 3072 3774 quanquam
3122 3688 3435 3773 Aegiram
3495 3702 3867 3754 memorent
3931 3706 4204 3771 geogra-

2701 3792 2846 3875 phi,
2880 3804 2955 3865 βε
2980 3790 3180 3854 numi.
3228 3790 3510 3855 Credam
3543 3792 3797 3875 potius,
3833 3801 3904 3852 ut
3947 3790 4201 3873 epigra-

2701 3894 2877 3976 phen
2909 3914 3199 3970 aversae,
3233 3895 3321 3957 ita
3355 3908 3422 3957 et
3449 3893 3699 3957 amicae
3730 3891 3898 3956 male
3937 3891 4202 3962 lectam,

2700 4017 3098 4081 numumque
3150 4017 3296 4060 esse
3336 3987 3608 4063 Fulviae
3648 3994 4005 4063 Plautillae
4052 4011 4202 4056 uxo·

2698 4098 2791 4161 r-is
2838 4098 3228 4183 Cat-acellae.

1088 4746 4194 4779 mmm

1162 4786 1223 4885 za).
1265 4812 1426 4873 Suet.
1460 4811 1519 4867 in
1554 4811 1688 4868 Tito
1712 4830 1765 4867 c.
1795 4818 1847 4871 4.
1995 4809 2068 4879 b)
2110 4809 2252 4865 Suet
2281 4808 2318 4866 l.
2355 4828 2406 4866 c.
