4509 5584
1482 486 2302 560 VESPAsrANVS.

3296 514 3449 592 319⁴

327 658 573 744 probos
624 675 891 730 omnes,
949 652 1231 738 ambigo.
1315 653 1489 721 Vide
1546 653 1630 720 de
1681 647 2120 740 singularibus
2174 652 2280 756 his
2318 651 2563 718 Sestini
2603 656 2815 721 numis
2854 657 3168 742 judicium
3214 655 3459 730 meum*

327 764 398 823 in
440 759 654 824 numis
694 755 1158 821 Alexandrinis
1198 755 1508 823 Achillei.

728 856 1150 922 Coloniarum
1280 890 1310 908 ·

725 958 1160 1052 Alexandrini·
1271 992 1301 1011 ·

2831 858 2918 925 Ο.

2825 959 3030 1026 mm.

2041 979 2084 1004 ⁴*
2241 965 2272 1027 ’ἆ

1454 1278 2306 1349 VESPASIANVS.

453 1465 719 1534 Flavius
765 1464 1205 1550 'Vespasianus
1242 1477 1430 1530 natus
1472 1447 1579 1530 est
1607 1465 1675 1526 in
1712 1465 1825 1529 Sa-

328 1570 502 1635 binis
549 1588 758 1654 prope
800 1569 1006 1630 Reate
1046 1567 1196 1632 XV.
1231 1566 1375 1631 Ital.
1410 1566 1823 1653 Decembres

327 1675 416 1741 V.
451 1672 525 1735 C.
553 1671 701 1753 762,
741 1682 927 1752 patre
958 1668 1187 1733 Flavio
1224 1668 1466 1731 Sabino
1501 1667 1820 1731 obscurae

330 1773 650 1856 originis,¹
716 1782 925 1833 matre
998 1770 1310 1853 Vespasia
1355 1771 1550 1832 Polla
1615 1767 1824 1832 nobili

326 1875 605 1938 Nursiae
641 1892 891 1956 genere
931 1884 1091 1932 orta.
1177 1872 1479 1935 Fratrem
1516 1883 1671 1934 natu
1694 1890 1852 1966 ma-.

327 1978 544 2062 jorem
597 1971 1171 2037 babuit-Flavium
1210 1971 1518 2035 Sabinum
1568 1972 1834 2055 praesen

330 2093 510 2144 ctum
539 2075 756 2148 urbis.
795 2073 1145 2150 extremis,
1181 2087 1255 2135 ut
1286 2094 1479 2157 supra
1507 2073 1822 2153 diximus,

331 2177 593 2249 vitellii
635 2174 869 2239 diebus
910 2174 992 2238 ab
1032 2173 1227 2257 hujus
1258 2173 1570 2237 militibus
1602 2174 1826 2239 obses·

331 2301 474 2345 sum
510 2280 579 2341 in
620 2275 975 2359 Capitolii),
1012 2289 1080 2339 et
1113 2274 1534 2339 interfectum
1567 2278 1650 2358 ⁸).
1691 2279 1825 2341 De-

331 2382 591 2466 functus
653 2376 863 2440 solitis
914 2375 1294 2438 muneribus
1339 2399 1376 2440 a
1433 2378 1705 2441 Claudio
1755 2380 1838 2448 iu¹

334 2481 787 2555 Germaniam,
839 2497 991 2539 mox
1043 2470 1111 2538 in
1146 2478 1545 2542 Britanniam
1590 2481 1823 2544 missus

336 2596 586 2646 tantum
617 2602 688 2645 se
726 2582 966 2646 virtute
1002 2579 1264 2655 extulit,
1302 2592 1371 2641 ut
1412 2580 1825 2664 triumphalia

334 2696 749 2759 ornamenta,
796 2694 864 2743 et
903 2679 1146 2761 duplex
1192 2680 1623 2742 sacerdotium
1661 2683 1829 2745 acci-

331 2798 527 2868 peret
543 2779 641 2867 1·).
687 2781 822 2846 Sub
837 2783 1103 2844 Nerone
1121 2779 1406 2841 Africam
1425 2783 1616 2860 rexit,
1647 2805 1827 2847 eum.

333 2907 462 2972 que
516 2885 587 2947 in
638 2885 875 2946 itinere
918 2881 1204 2945 Achaico
1240 2881 1615 2960 comitatus,
1668 2883 1823 2964 dum

332 3001 587 3052 certum
616 2984 740 3048 sibi
775 2984 853 3047 ab
888 2984 1017 3046 hoc
1060 2982 1326 3046 exitium
1364 2983 1492 3065 jam
1531 2985 1826 3049 immine·

327 3103 466 3168 ret,
504 3086 679 3173 quod
717 3105 800 3149 eo
836 3097 1132 3150 cantante
1160 3105 1349 3146 ausus
1380 3098 1555 3147 esset
1588 3085 1827 3149 obdor-

331 3191 651 3265 miscere,
719 3198 997 3269 repente
1036 3199 1262 3250 contra
1296 3206 1479 3269 spem
1510 3186 1690 3251 bello
1718 3187 1827 3269 adj·

329 3312 594 3355 versum
644 3287 917 3351 ludaeos
957 3287 1385 3371 pertinaciter
1429 3302 1565 3350 tum
1591 3288 1829 3366 ‘rebel-

324 3396 542 3472 lantes
591 3388 891 3478 gerendo
926 3387 1351 3471 praeficitur,·
1392 3387 1686 3474 illudque
1718 3410 1828 3452 ex·-

336 3510 552 3558 tremo
598 3489 882 3555 Neronis
935 3501 1269 3573 tempore,
1316 3502 1382 3552 et
1424 3510 1577 3553 mox
1626 3491 1828 3575 digla-

277 3665 294 3696 μ
331 3593 656 3676 diantibus
690 3593 866 3655 inter
906 3612 978 3655 se
1014 3591 1244 3670 Galba,
1290 3591 1578 3667 Othone,
1621 3591 1832 3659 Vitel-

331 3698 426 3774 lio
461 3716 694 3780 magna
727 3692 1066 3776 aequitatis
1087 3740 1104 3771 ,
1149 3707 1217 3757 et
1252 3693 1510 3759 virtutis
1543 3692 1824 3755 bellicae

337 3799 548 3884 gloria
586 3794 1024 3882 persequitur.
1109 3792 1422 3858 Adversis
1473 3815 1509 3855 a
1551 3793 1824 3876 Vitellio

334 3900 623 3984 omnium
689 3897 916 3961 animis
976 3895 1392 3980 praecipuus·
1419 3894 1824 3976 Vespasiano

335 4014 564 4066 auctor
610 3998 990 4084 acceptandi
1047 3994 1310 4078 imperii
1359 3993 1484 4057 suit
1526 3996 1823 4058 Licinius

333 4100 700 4178 Mucianus,
759 4099 871 4185 qui
910 4113 1045 4161 tum
1083 4097 1336 4179 Syriam
1383 4115 1530 4159 cum
1577 4097 1689 4163 lv.
1727 4096 1824 4158 le·

334 4201 638 4291 gionibns
676 4203 851 4266 rexit
894 4202 975 4282 e).
1037 4201 1126 4263 At
1160 4197 1414 4260 initium
1444 4195 1708 4261 ferendi
1741 4195 1824 4260 ad

334 4327 487 4386 eum
514 4304 778 4387 imperii
808 4301 1245 4368 Alexandriae
1292 4310 1598 4382 coeptum
1647 4297 1829 4361 festi-

333 4421 528 4496 nante
580 4407 683 4468 Ti.
719 4404 1096 4469 Alexandro
1123 4383 1495 4488 praefecto,
1527 4398 1653 4486 ‚qui
1682 4399 1825 4466 Ital.

975 4627 1047 4701 b)
1087 4629 1249 4686 Suet.
1286 4636 1411 4688 c.4.

410 4638 474 4704 a)
513 4632 678 4690 Suet.
698 4646 745 4691 1.
774 4642 825 4692 2.

788 4719 826 4777 l.
851 4739 900 4777 e.
1050 4722 1119 4794 g)
1156 4716 1344 4775 Tacit.
1370 4715 1411 4773 l.
1431 4734 1483 4772 e.
1513 4722 1600 4776 80.

335 4724 399 4793 .>
437 4721 476 4778 1.
498 4741 547 4779 ε.
697 4719 752 4791 s)

1559 4626 1622 4698 c)
1658 4623 1848 4681 Tacit.
1875 4622 2023 4680 nist.
2043 4623 2118 4682 11.
2149 4628 2223 4688 76
2250 4643 2377 4701 seq.

1748 4713 1825 4785 h)
1860 4713 2049 4770 Tacit.
2079 4711 2229 4770 Hist-
2249 4713 2350 4774 IV.
2390 4713 2520 4772 Dio.

1936 1461 2063 1528 Iul.
2115 1462 2199 1530 V.
2235 1459 2313 1525 C.'
2354 1460 2476 1525 822
2520 1477 2925 1529 sacramento
2981 1467 3282 1553 legiones
3323 1467 3433 1534 ad-

1939 1563 2100 1648 egit.
2179 1563 2325 1657 Qua
2357 1565 2439 1627 de
2485 1586 2675 1631 causa
2706 1569 2944 1632 sactum
2994 1582 3068 1632 ut
3105 1571 3161 1633 is
3192 1572 3432 1655 princi·

1937 1679 2122 1750 patus
2172 1665 2317 1730 dies
2363 1667 2612 1750 primus
2662 1668 2730 1729 in
2767 1682 3106 1752 posterum
3139 1673 3433 1738 celebra·
3500 1721 3508 1731 -

1934 1781 2123 1832 retur
2163 1764 2248 1850 d).
2324 1767 2601 1833 Secutus
2629 1772 2931 1854 proxime
2972 1775 3298 1839 exercitus
3332 1778 3434 1839 lu·

1938 1867 2159 1932 daicus
2187 1867 2270 1935 V.
2304 1889 2458 1935 non.
2494 1870 2645 1945 lul..
2703 1885 2776 1934 ut
2807 1872 3034 1936 scribit
3061 1875 3322 1941 Tacitus
3352 1879 3449 1960 ⁶),-

1936 1982 2009 2033 ut
2037 1968 2388 2034 Suetonius
2429 1968 2514 2052 ¹),
2554 1971 2641 2039 V.
2682 1973 2751 2034 id
2795 1976 2954 2053 1ul.,
3002 1995 3220 2060 neque
3268 1978 3433 2043 mul·-

1937 2080 2008 2133 to
2059 2082 2210 2154 post
2254 2072 2595 2137 Mucianus
2669 2095 2823 2139 suos
2891 2076 3135 2141 milites
3181 2078 3252 2141 in
3300 2078 3435 2149 Ve-

1938 2171 2219 2256 spasiani
2250 2174 2458 2240 verba
2490 2175 2715 2261 adegit
2757 2180 2841 2260 e).
2901 2179 3079 2241 Dum
3128 2177 3237 2243 bic
3282 2200 3431 2245 cum

1935 2273 2128 2338 lectis
2176 2275 2487 2340 militibus
2532 2278 2599 2339 in
2631 2279 2879 2370 [taliam
2917 2280 3188 2346 navibus
3230 2294 3435 2346 trans·

1938 2374 2165 2452 mittit,
2244 2376 2500 2440 interea
2568 2381 2890 2445 Antonius
2957 2383 3216 2445 Primus
3283 2401 3434 2446 cum

1939 2477 2239 2541 exercitu
2315 2481 2650 2543 Moesiaco
2717 2494 3162 2564 transgressus
3222 2482 3443 2567 Alpes„

1936 2580 2128 2643 victis
2176 2578 2259 2641 ad
2294 2580 2682 2644 Cremonam
2722 2583 3092 2648 Vitellianis
3148 2584 3451 2668 denique,

1938 2679 2178 2742 urhem
2227 2680 2433 2763 ipsam
2495 2696 2776 2745 exeunte
2826 2684 3190 2747 Decembri
3239 2685 3427 2768 capit,

1939 2789 2271 2865 caesoque
2317 2782 2590 2851 Vitellio
2633 2783 2984 2868 imperium
3029 2785 3432 2881 Vespasiano
3532 2785 3553 2874 ’ἱ

1937 2879 2203 2945 adserit.

2327 3053 2410 3114 V.
2453 3050 2524 3114 C.
2555 3048 2679 3113 822
2723 3052 2793 3117 P.
2824 3050 2912 3115 Χ.
2941 3050 3045 3135 (κ).

2254 3151 2388 3213 ΤΒ.
2436 3153 2510 3215 P.
2532 3152 2741 3223 ‚COS.
2778 3153 2981 3220 DES.
3027 3153 3119 3219 ῙῙ.

1946 3246 2084 3313 Ser.
2120 3248 2306 3335 Sulp·
2353 3250 2574 3314 Galba
2598 3256 2778 3335 Aug.
2812 3254 2904 3317 II.
2946 3254 3014 3319 T.
3058 3256 3263 3319 Vim’o
3297 3252 3431 3319 Ru-

2517 3350 2671 3437 fino
2700 3374 2829 3416 cos.

2065 3488 2470 3571 Vespasiano
2510 3489 2586 3550 in
2621 3489 2954 3575 Aegypto,
3008 3490 3162 3554 'rito
3205 3489 3276 3551 in
3313 3491 3432 3554 Pa·

1937 3589 2209 3654 laestina
2240 3591 2616 3655 absentibus
2653 3591 3024 3654 consulatus
3047 3591 3116 3653 in
3152 3612 3430 3676 sequen-

1937 3706 2071 3756 tem
2121 3715 2358 3757 snnum
2405 3692 2804 3757 decernitur.
2876 3695 3136 3757 interea
3179 3694 3429 3757 Romae

1937 3795 2106 3858 alter
2129 3793 2311 3858 filius·
2334 3794 2742 3858 Domitianus
2772 3793 3042 3870 Caesar,
3087 3807 3155 3859 et
3190 3796 3433 3860 Mucia·

1935 3916 2058 3958 nus
2087 3916 2197 3959 res
2240 3909 2595 3978 procurant
2622 3892 2712 3974 ιι).

2658 3994 2698 4030 Q

2450 4042 2489 4078 ὓ
2870 4040 2909 4079 fi

2061 4094 2606 4178 Praecipiendum
2634 4093 2717 4158 ad
2742 4108 3070 4160 monetam
3086 4093 3432 4177 Vespasia·

1937 4194 2041 4272 ni,
2085 4216 2319 4259 numos
2361 4217 2512 4260 cum
2557 4197 2699 4280 ejus
2732 4198 2945 4280 capite
2983 4198 3052 4258 in
3100 4194 3265 4258 urbe
3299 4197 3427 4261 boc

1938 4317 2106 4360 anno
2154 4294 2444 4359 nondum
2490 4318 2683 4361 cusos
2722 4297 2958 4375 fuisse,
3007 4315 3224 4380 neque
3279 4297 3433 4361 cudi

1937 4398 2250 4483 potuisse.
2334 4400 2499 4462 Nam
2546 4411 2614 4463 ut
2667 4420 2862 4483 supra
2903 4399 2973 4460 in
3011 4397 3287 4466 Vitellio
3338 4398 3432 4460 di·

2526 4622 2601 4695 d)
2634 4622 2820 4681 Tacit.
2850 4620 2887 4679 1.
2910 4641 2959 4680 c.
2986 4634 3077 4694 79.
3117 4622 3276 4679 Suet.
3310 4642 3361 4680 e.
3380 4628 3434 4687 6.
