4509 5584
998 535 1138 613 176

1000 699 1195 774 bros,
1253 695 1657 769 Cheruscos,
1716 689 1967 754 Frisios
2018 696 2252 776 partim
2297 713 2485 757 coer·

994 804 1164 875 cuit,
1242 796 1474 882 partim
1538 793 1790 857 servire
1861 795 2171 856 Romanis
2236 778 2478 884 coegit.

994 904 1205 963 Trans
1261 898 1569 959 Rhenum
1619 896 1856 958 fossam
1915 896 2217 957 immensi
2260 897 2478 980 operis

990 1001 1073 1065 ad
1106 1021 1254 1063 eum
1310 996 1695 1061 stenandum
1743 997 2062 1079 perfecit,
2112 1018 2276 1078 quae
2317 998 2480 1059 Sue·

988 1089 1152 1166 tonii
1184 1100 1395 1165 adhue
1431 1109 1638 1160 aetate
1676 1101 1978 1186 Druslna
2018 1096 2187 1160 dicta
2222 1111 2360 1175 est,
2411 1111 2480 1161 et

988 1203 1320 1285 hodieque
1412 1221 1558 1262 eum
1652 1198 2076 1261 admiratione
2160 1199 2479 1284 conspici·

952 1318 1096 1386 'tur
1141 1307 1224 1384 ι).
1325 1304 1407 1368 V.
1441 1304 1512 1364 C.
1564 1303 1691 1382 745
1757 1300 1919 1362 inito
1978 1302 2315 1362 consulatu
2362 1301 2481 1363 ite-

986 1393 1132 1468 rum
1184 1405 1249 1465 iu
1283 1404 1703 1492 Germaniam
1748 1401 2084 1486 profectus
2138 1400 2219 1463 ad
2261 1401 2481 1462 Albim

987 1525 1194 1590 usque
1269 1506 1515 1587 primus
1574 1507 2013 1565 Romanorum
2073 1502 2478 1585 penetravit,

988 1620 1182 1691 atque
1255 1606 1447 1670 etiam
1508 1605 1676 1666 ultra
1740 1604 1916 1667 hune
1984 1624 2161 1666 arma
2214 1621 2480 1685 promo-

984 1709 1221 1787 visset,
1290 1708 1417 1771 nisi
1476 1704 1663 1768 obvia
1720 1705 1784 1767 ei
1843 1706 2096 1788 species
2158 1702 2474 1766 barbarae

985 1808 1280 1872 mulieris
1315 1811 1591 1871 humana
1616 1806 1823 1887 major
1853 1807 2021 1868 ultra
2050 1804 2358 1889 proferre
2395 1804 2479 1866 si-

989 1931 1113 1997 gna
1142 1912 1376 1973 Latino
1409 1929 1716 1972 sermone
1750 1907 2190 1991 prohibuisset
2219 1904 2307 1988 1)).
2353 1908 2483 1969 Re-

990 2012 1188 2076 cessit
1212 2011 1449 2095 igitur,
1494 2023 1959 2090 contractoque
1994 2029 2119 2091 per
2148 2003 2280 2070 iter
2313 2028 2485 2069 mor-

989 2110 1115 2191 bo,
1170 2125 1511 2195 antequam
1562 2110 1644 2172 ad
1695 2110 1998 2172 Rhenum
2055 2110 2473 2193 perveniret,

991 2213 1346 2277 exstinctus
1376 2213 1563 2275 estin
1602 2211 1949 2293 complexu
1971 2210 2224 2272 Tiberii
2257 2209 2476 2273 audito

987 2315 1208 2380 tastris
1274 2313 1568 2396 periculo
1634 2312 2023 2395 tempestive
2078 2310 2340 2377 advecti
2386 2314 2472 2390 ο).

990 2415 1214 2479 Livius
1252 2427 1579 2492 mortuum
1616 2412 1842 2477 scribit
1875 2433 2046 2498 equo
2085 2435 2281 2496 supra
2323 2432 2475 2475 crus

991 2517 1283 2598 collapso
1314 2503 1419 2597 '‘1).
1504 2515 1666 2597 Ejus
1727 2535 1902 2576 mors
1970 2516 2037 2575 in
2081 2507 2476 2577 Kalendario

988 2617 1329 2680 Antiatino
1378 2614 1599 2699 flgitur
1637 2615 1720 2678 ad
1757 2615 1930 2676 diem
1972 2616 2146 2682 xlv.
2183 2615 2496 2698 Septem·-

990 2719 1155 2801 bris.
1232 2719 1455 2779 Funus
1502 2720 1776 2780 Romam
1817 2717 2175 2800 perlatum,
2235 2729 2308 2779 et
2345 2716 2479 2778 lau-

994 2818 1292 2883 dantibus
1329 2820 1591 2906 publice
1624 2805 1895 2881 Tiberio
1932 2833 1999 2881 et
2043 2820 2344 2902 Augusto
2372 2837 2476 2878 re·

992 2922 1231 3006 liquiae
1263 2921 1327 2982 in
1362 2920 1637 3004 Augusti
1665 2920 1970 3002 sepulcro
2005 2919 2303 2983 conditae
2329 2929 2476 2979 sunt

991 3024 1165 3086 inter
1211 3019 1482 3086 collatos
1525 3021 1889 3083 liberaliter
1928 3020 2215 3084 honores
2260 3032 2478 3104 postu·

996 3145 1178 3198 mos,
1271 3143 1432 3207 quos
1492 3121 1559 3182 in
1624 3122 1763 3205 ejus
1820 3121 2031 3183 nuruis
2089 3139 2483 3186 commemo·

996 3224 1158 3289 rabo
1202 3226 1282 3306 θ).
1356 3223 1508 3285 Fuit
1550 3225 1845 3306 Augusto
1890 3221 1975 3284 ob
2020 3223 2366 3300 virtutem,
2409 3242 2483 3285 ac

998 3346 1218 3390 mores
1255 3325 1551 3409 integros
1589 3324 1825 3385 eximie
1879 3324 2228 3407 probatus,
2283 3325 2377 3388 sic
2413 3336 2485 3388 ut

998 3428 1068 3489 in
1109 3424 1425 3490 concione
1476 3425 1615 3507 ejus
1658 3423 1922 3487 funebri
1971 3424 2133 3488 deos
2182 3444 2485 3511 precare-

997 3544 1129 3606 tur,
1156 3529 1408 3591 similes
1434 3528 1498 3588 ei
1526 3528 1842 3588 Caesares
1869 3548 2028 3589 suos
2029 3528 2370 3608 facerent,
2397 3531 2486 3588 si-

999 3633 1192 3710 bique
1241 3641 1377 3689 tam
1420 3627 1766 3689 honestum
1801 3630 2188 3707 quandoque
2223 3632 2482 3690 exitum

998 3733 1258 3803 darent,
1297 3747 1492 3804 quam
1530 3728 1643 3787 illi
1675 3729 2008 3790 dedissent
2058 3726 2133 3811 s).
2176 3726 2483 3795 Valerius

1000 3830 1319 3893 Maximus
1369 3829 1508 3911 ejus
1561 3827 2053 3906 continentiam,
2113 3843 2179 3892 et
2219 3830 2288 3890 in
2333 3848 2481 3893 cou-

1002 3934 1220 4016 jugem
1292 3928 1491 3993 fidem
1552 3929 1876 3992 cumulate
1938 3930 2352 3994 commendat
2399 3932 2482 4013 g).

1002 4034 1161 4097 Erat
1190 4033 1383 4097 etiam
1415 4034 1663 4119 populo
1695 4032 1975 4116 jucunda
2006 4033 2149 4118 ejus
2178 4029 2490 4097 recorda-

1004 4137 1129 4212 tio,
1190 4157 1337 4200 nam
1384 4135 1811 4213 credebatur,
1864 4139 1924 4198 si
1969 4153 2193 4199 rerum
2244 4133 2488 4218 potitus

1004 4238 1212 4316 foret,
1261 4233 1629 4303 libertatem
1663 4237 2042 4301 redditurus
2087 4235 2178 4320 ¹³).
2233 4238 2494 4316 Fuere,

1008 4340 1120 4426 qui
1149 4341 1439 4403 Drusum
1480 4341 1658 4404 'hunc
1696 4362 1779 4403 ex
1811 4359 2158 4401 numorum
2203 4342 2494 4407 testimo-

982 4557 993 4566 ·
1087 4499 1150 4568 a)
1191 4494 1351 4552 Suet.
1384 4493 1534 4550 ibid.
1570 4493 1762 4549 Tacit.
1796 4492 1944 4550 nist.
1975 4492 2227 4552 L.x111.·
2250 4505 2409 4560 αδδ.

1011 4583 1176 4642 Pedo
1201 4582 1477 4639 Albinov.
1508 4581 1583 4639 de
1610 4593 1802 4639 morte
1832 4583 2009 4641 Drusi
2038 4602 2091 4639 v.
2113 4592 2203 4656 89.

986 4671 1047 4728 ’1.
1073 4691 1124 4729 c.
1269 4674 1336 4747 g)
1372 4672 1440 4727 1..
1460 4671 1559 4731 IV.
1588 4684 1711 4736 c.3.

1011 4767 1060 4833 ς’.
1081 4774 1133 4823 2.
1280 4760 1350 4832 k)
1392 4760 1465 4818 de
1497 4772 1683 4820 morte
1714 4762 1892 4821 Drusi
1923 4780 1976 4823 v.
1995 4772 2120 4828 557.

2535 4559 2546 4575 ,
2591 4494 2663 4566 b)
2704 4492 2864 4550 Suet.
2896 4489 2938 4547 l.
2960 4509 3010 4547 c.
3047 4487 3162 4545 Dio
3195 4489 3260 4546 1..
3279 4475 3399 4549 LV.
3435 4508 3486 4545 e.
3509 4502 3558 4548 ι.

2354 4583 2423 4657 d)
2454 4581 2608 4660 Epit.
2635 4582 2701 4640 L.
2724 4580 2896 4638 CXL.

1858 4671 1930 4745 h)
1969 4671 2129 4729 Suet.
2154 4670 2193 4729 l.
2215 4689 2267 4730 c.
2305 4672 2495 4729 Tacit.
2522 4673 2673 4729 Anu.
2696 4671 2741 4730 Ι.
2771 4681 2928 4736 αδδ.

2266 4758 2318 4836 l)
2355 4762 2513 4820 Fast.
2532 4760 2576 4819 1.
2609 4769 2732 4835 597.

2033 522 2502 600 navsvs
2568 523 3050 601 sumen..
3113 461 3176 542 ’Ὗ

2593 695 2707 758 nio
2756 693 2997 758 dictum
3044 693 3387 756 Caesarem
3434 691 3853 770 adsererent,
3903 691 4081 778 quod

2593 795 3028 858 refutabimus
3049 795 3118 856 in
3150 797 3363 858 numia
3392 794 3592 857 Drusi
3617 794 3912 878 junioris.

2587 963 2593 970 ,
2717 897 2935 961 onr:
2976 898 3288 960 Antonia
3325 903 3581 974 minor,
3614 897 3697 960 de
3732 918 3858 981 qua
3887 893 4076 958 infra.

2716 996 2945 1059 Liberi
2977 996 3411 1061 Germanicus
3445 1000 3711 1086 Cussar,
3759 999 4083 1062 Claudius

2595 1097 2870 1161 subinde
2916 1098 3280 1182 Augustus,
3343 1099 3576 1177 Livia,
3628 1120 3747 1163 seu
3790 1097 4080 1171 Liuilla,

2596 1221 2786 1285 quam
2817 1220 3020 1283 supra
3051 1215 3316 1284 nuptam
3366 1200 3436 1264 C.
3458 1199 3720 1263 Caesari
3760 1198 4038 1266 vidimus
4061 1243 4081 1274 ,

2596 1315 2664 1364 et
2706 1311 2973 1382 nuptam
3015 1301 3188 1365 'infra
3238 1303 3472 1366 Druso>
3510 1300 3776 1366 Caesari
3809 1300 3913 1364 Ti.
3943 1296 4080 1363 filio

2594 1402 2980 1470 videbimus.

3185 1638 3473 1707 Numi:
3525 1621 3570 1640 '-

2874 1807 3145 1874 NERO.
3197 1806 3659 1892 CLAVDIVS.
3709 1806 4080 1884 DRVSVS,
4143 1881 4148 1888 ι

2870 1909 3652 1977 GERMANICVSJMP.
3679 1909 3892 1990 Caput
3913 1911 4088 1972 Dru·

2870 2015 2935 2073 si
2971 2013 3385 2087 laureatum,
3413 2012 3490 2073 in
3525 2007 3690 2072 aliis
3729 2012 3998 2076 nudum.

2588 2109 2736 2176 DE.
2797 2110 3275 2175 GERMANIS.
3378 2112 3604 2174 Arma
3678 2109 4082 2175 Germanica

2589 2215 2988 2275 decussatim
3021 2217 3269 2296 posita.
3314 2213 3455 2280 AV.
3496 2213 3639 2274 AR.

2716 2313 2821 2376 De
2884 2311 3173 2376 Neronis
3230 2312 3660 2399 praenomine
3702 2311 3774 2374 in
3819 2312 4083 2397 synopsi

2592 2413 2764 2480 vitae
2796 2413 3069 2495 egimus.
3125 2412 3512 2478 Germanici
3546 2434 3913 2499 cognomen
3950 2410 4077 2497 ipsi

2589 2530 2741 2599 post
2772 2528 3087 2592 mortem,
3133 2513 3213 2577 ad
3248 2516 3425 2598 ipsos
3467 2515 3662 2579 etiam
3695 2515 3868 2579 filios
3892 2560 3911 2591 ‚
3965 2535 4083 2599 po·

2594 2631 2935 2700 sterosque
2971 2615 3494 2699 propagandum,
3544 2613 3821 2679 inditum
3849 2616 3972 2679 fuit
4012 2614 4084 2699 i),

2595 2732 2664 2782 et
2695 2718 3035 2782 coufirmat
3076 2715 3262 2781 Pedo
3290 2714 3361 2801 k)
3380 2739 3402 2779 t
4088 2713 4095 2722 '

2733 2819 3257 2899 Gaudebuntque
3324 2840 3487 2882 suae
3550 2823 3786 2880 merito
3850 2839 4082 2902 cogno-

3441 2922 3649 3004 Jm'ne
3677 2923 3923 3002 gentis.

2596 3023 2684 3083 Et
2723 3019 3001 3083 Ovidius
3055 3018 3103 3103 ¹)
3128 3042 3150 3082 t
3679 3091 3700 3105 ,

2724 3123 2817 3184 Et
2850 3135 3156 3199 mortem,
3182 3136 3248 3185 et
3282 3143 3515 3184 nomen
3555 3122 3777 3184 Druso
3822 3121 4095 3208 Get-tgna·

3459 3223 3792 3304 niaficit.

2597 3323 2923 3408 Adjicitur
2977 3324 3202 3404 titulus
3256 3324 3737 3400 IMPeratora’s,
3798 3336 4077 3389 testante

2597 3426 2867 3499 Tacito,
2923 3425 3003 3490 ab
3042 3427 3342 3509 Augusto
3379 3426 3668 3520 prusam
3717 3423 4087 3508 privignum

2596 3527 3010 3612 imperatoris
3052 3527 3319 3590 nomine
3363 3539 3661 3589 ornatum
3699 3531 3798 3607 ¹¹¹).
3868 3528 4086 3611 Atque

2599 3628 2727 3693 hoc
2755 3628 2930 3693 forte
2965 3628 3156 3692 titulo
3194 3628 3335 3708 ejus
3367 3640 3561 3711 caput
3590 3647 3834 3692 corona
3863 3628 4090 3694 laurea
4123 3685 4136 3704 ,

2597 3730 2917 3815 cingitur,
2991 3743 3065 3792 ut
3120 3729 3488 3793 notabimus
3543 3729 3610 3791 in
3671 3741 3947 3793 tractatu
4004 3729 4088 3796 de

2599 3833 2779 3896 cultu
2822 3830 3047 3916 capitis
3089 3834 3555 3915 Augustorum.
3644 3832 3807 3895 Pars
3861 3850 4091 3895 aversa

2599 3934 2741 4018 ejus
2769 3933 2855 3997 de
2884 3934 3227 3997 Germanis
3257 3931 3596 4008 victorias,
3630 3945 3705 3995 ut
3734 3925 4082 4018 sequentes

2599 4036 2711 4101 alii
2740 4035 2875 4121 typi
2910 4056 3170 4113 omnes,
3204 4033 3639 4118 depraedicat.

3327 4136 3366 4171 «1

3120 4184 3162 4223 ὓ
3401 4183 3427 4204 '
3536 4180 3578 4219 ὓ

2877 4238 3131 4306 Eadem
3169 4240 3471 4301 adversa.
3807 4251 3816 4260 ·

2602 4340 2752 4409 DE.
2787 4340 3061 4404 GERM.
3090 4340 3229 4416 22⁶2.-
3273 4339 3419 4400 DE.
3457 4336 3911 4400 GERMANJS
3931 4383 3951 4416 ,
3998 4342 4099 4402 ta-

3742 4489 3804 4562 c)
3843 4487 3957 4545 Dio
3987 4486 4026 4545 l.
4048 4508 4100 4546 c.

3043 4582 3106 4652 e)
3135 4578 3249 4635 Dio
3275 4578 3341 4636 L.
3359 4579 3478 4638 LV.
3508 4581 3557 4650 §.
3581 4591 3626 4637 t.
3656 4589 3708 4639 2.
3854 4578 3907 4649 s)
3940 4576 4099 4636 Suet.

3075 4670 3127 4741 i)
3166 4668 3330 4726 Suet.
3355 4668 3418 4726 in
3445 4666 3659 4728 Claud.
3689 4685 3741 4727 c.
3763 4682 3812 4730 ι.
3850 4667 3966 4727 Dio
3989 4666 4032 4727 l.
4049 4688 4100 4728 c.

2880 4760 2972 4834 m)
3010 4760 3164 4818 Anu.
3191 4757 3236 4819 1.
3265 4769 3319 4824 ὅ.

3849 4885 3880 4896 α..
