4509 5584
1067 518 1216 595 540

991 679 996 694 “
1053 672 1247 737 SAR.
1339 670 1427 732 At
1459 686 1581 733 cur
1608 666 1998 734 vocabulum
2031 666 2212 731 istud
2245 663 2559 734 occurrat

1049 786 1300 839 tantum
1367 772 1437 833 in
1499 769 1783 833 denariis
1841 769 2079 833 horum
2132 773 2503 858 principum
2526 818 2544 851 ,

1050 896 1171 962 cur
1202 875 1271 938 in
1317 871 1516 936 certis
1569 885 1817 934 tantum
1860 873 2073 950 annis,
2135 893 2257 936 cur
2299 888 2547 938 tantum
2588 949 2609 966 ι

1048 997 1199 1044 oum
1222 978 1422 1040 certis
1450 972 1619 1058 typis
1648 974 1983 1051 sociatum,
2014 995 2271 1038 causam
2287 997 2422 1040 non
2441 997 2549 1041 re-

1041 1077 1265 1165 perio.
1329 1076 1562 1146 Varias
1596 1076 1713 1140 has
1750 1076 2101 1159 peristascs
2131 1098 2266 1141 nou
2303 1098 2546 1163 expen-

1046 1168 1145 1246 dit
1170 1179 1591 1257 Pellerinius,
1626 1199 1702 1242 ac
1733 1168 2088 1263 propterea
2121 1179 2360 1264 longae
2390 1202 2544 1245 con-

1041 1284 1374 1367 jecturae,
1425 1302 1586 1367 quas
1621 1281 1810 1344 nobis
1837 1280 2110 1359 obtulit,
2167 1284 2362 1350 valde
2394 1298 2546 1348 sunt

1040 1385 1366 1451 infirmae.

1170 1486 1366 1551 Addo
1395 1496 1614 1549 notam
1643 1485 1871 1564 aliam,
1912 1504 2154 1569 nempe
2195 1478 2273 1545 Φ
2301 1484 2542 1570 jacens,

1043 1603 1237 1676 atque
1293 1590 1474 1652 item.
1498 1589 1568 1649 in
1621 1585 1952 1674 argenteis
1995 1600 2279 1663 tantum,
2330 1601 2400 1652 et
2436 1607 2546 1651 eo-

1043 1677 1327 1757 rundem
1416 1710 1733 1757 annorum
1807 1689 2022 1753 numia
2101 1690 2543 1774 conspicuam.

1049 1794 1217 1858 Sunt
1251 1807 1506 1857 autem:
1589 1804 1594 1807 ’
2356 1871 2363 1880 .

1089 1933 1105 1946 ν
1163 1892 1713 1958 CONCORDIA.
1764 1891 1973 1962 AVG.
2048 1894 2417 1960 Concordia
2448 1917 2544 1957 se-

1047 1999 1241 2080 dens,
1284 1995 1687 2079 Vespasiani.

1083 2149 1098 2158 .
1173 2099 1394 2160 PACI.
1441 2096 1940 2164 AVGVSTAE.
2021 2097 2333 2160 Victoria
2387 2114 2541 2177 gra-

1047 2201 1266 2274 diens,
1312 2199 1715 2284 Vespasiani.

1167 2303 1388 2367 Pam.
1448 2303 1659 2365 ORB.
1714 2302 1974 2361 'PE-BR.
2033 2297 2241 2387 AVG.
2330 2299 2543 2378 Caput

1039 2399 1360 2466 muliebre
1382 2448 1399 2480 ,
1433 2402 1839 2486 Vespasiani.
1904 2397 2192 2463 Difficile
2222 2397 2540 2474 videatur,

1039 2504 1234 2587 hujus
1281 2518 1473 2568 notae
1507 2525 1738 2569 verum
1785 2521 2046 2565 sensum
2090 2501 2360 2563 elicere.
2410 2499 2543 2562 Ce-

1036 2618 1254 2669 terum
1321 2606 1461 2688 ejus
1520 2605 1784 2696 generis
1841 2601 2172 2669 vocabula·
2206 2612 2541 2677 truncata,

1038 2720 1148 2770 aut
1191 2707 1424 2768 literae
1470 2707 1826 2782 solitariae,
1884 2725 2047 2787 quae
2096 2703 2164 2765 in
2207 2702 2419 2763 numis
2450 2699 2543 2764 fa·
2610 2702 2615 2706 ’

1037 2809 1361 2870 miliarum
1381 2854 1397 2885 ,
1439 2822 1548 2870 aut
1576 2808 2020 2891 Augustorum
2046 2803 2377 2866 inferioris
2397 2802 2542 2868 aevi

1035 2910 1239 2993 vulgo
1276 2910 1529 2995 negligi
1572 2909 1813 2986 solent,
1861 2909 2111 2973 circum
2154 2907 2325 2972 hanc
2372 2919 2542 2971 oeta-

1034 3024 1170 3075 tem
1201 3011 1555 3079 observatu
1590 3010 1827 3096 dignae
1860 3023 2030 3076 sunt.

1034 3252 1144 3315 De
1176 3252 1818 3335 numis'Vespaslam‘
1851 3253 2076 3313 aeneis
2097 3249 2219 3313 IV.
2235 3250 2531 3333 formae.

1159 3418 1254 3486 Vt
1295 3417 1474 3482 obvii
1525 3428 1682 3479 aunt
1725 3415 1847 3477 sub
1887 3414 2290 3499 Vespasiano
2342 3412 2528 3474 numi

1030 3519 1221 3584 aenei
1261 3521 1310 3579 1.
1370 3531 1440 3580 et
1498 3520 1579 3581 11.
1656 3518 1945 3593 formae,
2023 3517 2115 3580 sic
2191 3505 2528 3599 peculiare

1041 3619 1349 3704 quiddam
1407 3617 1653 3681 habent
1714 3618 1905 3681 aenei
1962 3618 2214 3680 formae
2275 3628 2531 3679 contra-

962 3763 970 3773 .
1034 3719 1292 3795 otieris,
1351 3720 1462 3803 qui
1509 3718 1590 3781 ad
1631 3733 1957 3804 quartam,
2000 3732 2073 3780 ut
2115 3711 2350 3794 aimus,
2394 3715 2529 3778 for-

1030 3841 1202 3885 mam
1282 3818 1622 3885 accedunt.
1737 3822 1886 3883 Hoc
1942 3818 2278 3886 volumine
2337 3836 2527 3880 cusos

1034 3923 1285 4008 aliquos
1327 3922 1455 4005 jam
1492 3922 1612 3986 sub
1654 3924 1922 3986 Nerone
1966 3920 2362 4002 notavimns3
2408 3918 2528 3981 sub

1034 4024 1435 4110 Vespasiano
1489 4038 1848 4089 occurrunt
1886 4024 2160 4101 iterum,
2221 4043 2297 4086 ac
2353 4021 2533 4085 dein·

1032 4147 1187 4211 ceps
1265 4148 1391 4211 per
1445 4125 1914 4210 consequentia
1967 4125 2263 4210 imperia>
2318 4143 2529 4209 usque

1032 4230 1116 4292 ad
1146 4230 1546 4292 Antoninum
1576 4230 1768 4291 Pium
1812 4228 2168 4312 copiosius,
2214 4246 2290 4290 ac
2331 4225 2533 4308 majo-

1030 4353 1108 4396 re
1151 4331 1462 4396 varietate
1528 4344 1942 4414 comparent,
2012 4350 2202 4414 quam
2245 4328 2349 4390 rei
2392 4346 2529 4390 mo-

1036 4432 1325 4495 netariae
1372 4432 1694 4496 rationem
1754 4430 1874 4494 sub
1914 4430 2189 4513 singulis
2231 4427 2525 4512 imperiis

1029 4533 1288 4599 solicite
1334 4533 1738 4599 memorabo.
1822 4529 1895 4594 Si
1937 4552 2134 4617 quem
2173 4529 2368 4614 hujus
2413 4549 2535 4618 ge·-

1101 4743 1167 4812 a)
1209 4741 1276 4798 [n
1299 4742 1467 4799 Suet.
1501 4757 1559 4814 p.
1584 4748 1708 4811 394.

1857 4737 1927 4809 b>
1966 4737 2026 4796 iu
2054 4737 2258 4799 Caess.
2286 4734 2494 4795 Iuliani
2524 4739 2692 4814 p.61.

2191 499 3042 577 VESPASIANVS.

2662 671 2844 734 neris
2890 682 3041 755 post
3071 668 3472 733 Antoninum
3519 671 3853 756 reperias,
3904 686 4153 752 metue,

2663 794 2750 837 ne
2827 773 3237 837 nubaei-atum
3294 771 3531 837 nactus⁸
3596 774 3684 836 sis
3745 774 4153 842 fraudulenta

2660 875 2972 959 pellicula
3014 889 3305 960 exptum.
3412 877 3573 939 Post
3615 878 3800 959 longi
3842 879 4153 963 temporis

2661 977 3076 1042 intervallum
3131 978 3251 1040 sub
3280 977 3498 1039 Decio
3544 976 3851 1048 redeunt.
3914 983 4155 1067 Vespa-

2662 1079 2823 1142 siani
2848 1080 3043 1164 hujus
3087 1080 3353 1163 generis
3382 1080 3564 1140 numi
3595 1093 3777 1143 sunt:

2935 1183 3113 1248 IMP.
3139 1181 3383 1246 CAES.
3404 1181 3917 1252 VESPASIAN.
3943 1183 4143 1255 AVG.

2935 1271 3198 1350 Palma.
3338 1323 3343 1330 ·
3854 1367 3857 1368 γ

2657 1383 2862 1450 ΡΟΝ.
2908 1386 3002 1449 Π.
3053 1388 3196 1452 ΤΒ.
3246 1387 3323 1451 Ρ.
3354 1387 3431 1450 P.
3472 1382 3549 1449 P.
3587 1385 3777 1451 COS.
3822 1387 3935 1452 111.
3978 1387 4156 1453 S.C.

2666 1488 3012 1550 Vexillum
3038 1489 3355 1552 militare.
3397 1490 3469 1548 In
3490 1487 3649 1549 alio.
3680 1490 4156 1572 Aspergillum,

2653 1601 2928 1672 patera,
2974 1589 3209 1650 lituus.
3256 1590 3458 1669 (Mus.
3503 1589 3721 1670 Caes.)

2933 1688 3112 1752 IMP.
3158 1689 3675 1757 VESPASIAN.
3721 1687 3930 1758 AVG.
3976 1690 4156 1768 Pal·

2934 1810 3067 1854 ma.
3128 1791 3201 1852 ln
3212 1792 3402 1855 aliis·
3474 1793 3732 1858 Globus
3764 1793 4156 1857 intermedio

2926 1893 3401 1971 gubernaculo.

2654 1991 2729 2056 P.
2763 1992 2857 2058 M.
2885 1993 3025 2057 ΤΒ.
3053 1993 3129 2058 P.
3159 1993 3351 2058 COS.
3385 1997 3524 2066 1111.
3559 1993 3630 2061 S.
3661 1994 3736 2059 C.
3807 1993 4171 2074 Vexillum-

2659 2094 2979 2158 militare.
3024 2097 3225 2175 (Mus.
3261 2096 3477 2177 Caes.)

2816 2226 2821 2230 ·
2933 2196 3664 2264 lMP.vESPA81AN.
3711 2196 3916 2265 AVG.
3997 2193 4157 2256 Glo-

2931 2300 3056 2360 bus
3096 2319 3244 2361 oum
3266 2298 3719 2380 gubernaculo
3749 2311 4148 2360 transverso.

2655 2400 2733 2465 P.
2770 2400 2970 2465 Mffr.
3007 2399 3084 2464 P.
3117 2401 3195 2465 P.
3226 2402 3301 2466 P.
3321 2400 3526 2464 COS.
3558 2399 3641 2467 V.
3672 2398 3741 2461 S.
3768 2398 3855 2461 C.
3941 2399 4153 2462 Cadu-

2656 2522 2837 2569 σθω,
2871 2502 3080 2585 (Mus.
3120 2501 3347 2582 Caes.)

2932 2604 3114 2679 Alii,
3150 2606 3268 2665 sed
3294 2601 3491 2665 COS.
3523 2601 3636 2671 Vl.
3675 2613 3744 2665 et
3775 2598 3971 2664 COS.
4006 2598 4150 2667 VII·

2836 2741 2851 2750 ·
2936 2705 3140 2787 (Mus.
3172 2703 3401 2787 Caes.)

2935 2940 3139 3008 Numa·
3155 2943 3369 3028 falsi,
3414 2953 3541 3004 aut
3573 2943 3887 3026 suspecti.

2856 3149 2860 3156 -
2920 3108 3364 3174 IMRCAES.
3399 3107 3911 3176 VESPASIAN.
3936 3104 4138 3174 AVG.

2920 3210 2997 3274 P.
3036 3213 3128 3275 M.
3176 3212 3317 3277 ΤΒ.
3351 3212 3428 3275 Ρ.
3478 3212 3554 3275 Ρ.
3608 3210 3687 3273 P.
3731 3209 3927 3274 COS.
3960 3208 4138 3275 Vm.

2925 3313 3142 3394 Caput
3180 3314 3579 3376 laureatum.
3798 3349 3807 3362 ·

2650 3410 2720 3476 S.
2765 3408 2837 3471 C.
2882 3411 3499 3495 Amphitheatrum.
3546 3410 3686 3472 ΑΕ.
3715 3413 3766 3472 1.
3904 3435 3915 3442 ·

2771 3510 2848 3596 ld
2900 3533 3107 3597 genus
3154 3515 3339 3578 numi
3370 3513 3757 3597 frequentes
3794 3512 4141 3577 circumfe-

2642 3625 2906 3693 runtur,
2963 3615 3034 3675 in
3077 3617 3312 3702 quibus
3347 3614 3931 3698 amphitheatrum,
3966 3636 4141 3680 nunc

2642 3716 2847 3800 vulgo
2911 3719 3275 3796 Coliseum,
3327 3718 3736 3802 proponitur.
3831 3719 3971 3781 Eos
4014 3738 4141 3802 pro

2639 3817 2946 3900 genuinis
3023 3819 3294 3884 edidere
3372 3819 3635 3883 Petinus
3677 3822 3768 3902 ⁸),
3850 3819 4142 3905 spanhe-

2644 3920 2812 3982 mius
2857 3918 2961 4002 ¹³),
3026 3921 3405 3985 ·Pedrusius
3446 3923 3546 4004 0),
3626 3921 3891 4006 aliique.
4001 3920 4140 3986 Sed

2604 4091 2619 4104 ·
2647 4022 2823 4084 enim
2885 4043 3046 4108 quos
3106 4024 3419 4103 viderim,
3495 4043 3724 4087 omnes
3782 4038 3940 4087 sunt
3980 4026 4137 4088 artis

2644 4124 3032 4204 modernae,
3079 4138 3145 4189 et
3174 4126 3297 4187 fuit
3337 4125 3606 4210 dignum
3645 4140 4135 4209 argumentum,

2645 4224 2714 4285 in
2743 4246 2870 4310 quo
2907 4247 3053 4290 sese
3083 4228 3259 4292 fraus
3294 4227 3464 4290 lucri
3494 4247 3725 4290 secura
3760 4241 4135 4292 exerceret.

2642 4326 2731 4389 Et
2756 4347 2917 4392 vero
2954 4343 3248 4392 mortuus
3282 4343 3385 4392 est
3412 4330 3879 4412 Vespasianus,
3925 4330 4136 4413 prius-

2642 4449 2835 4512 quam
2920 4437 3091 4513 opus
3182 4429 3656 4514 perficeretur,
3760 4451 4131 4514 supremam

2641 4530 2914 4594 subinde
2956 4552 3214 4595 manum
3254 4530 3634 4616 imponente
3669 4532 3856 4612 Tito,
3913 4532 3983 4594 iu
4023 4554 4137 4597 cu·

2844 4740 2906 4810 c)
2946 4738 3097 4796 Mus,
3124 4740 3365 4797 Fames.
3399 4741 3467 4795 Τ.
3486 4740 3586 4799 vl.
3620 4735 3738 4797 (ιώ.
3759 4749 3847 4802 14.
