4509 5584
1545 586 2211 667 AVGVSTVS.
3331 621 3425 688 ιη

312 759 495 826 ΙΜΡ.
537 756 906 826 CAESAR.
951 756 1183 822 Fuisse
1220 756 1483 824 Caesari
1524 773 1673 844 post
1717 759 1808 825 vi-

316 861 595 924 ctoriam
637 861 721 925 de
767 862 920 926 Sex.
953 863 1274 947 Pompeio
1317 883 1542 928 arcu-m
1582 863 1808 927 trium-

312 962 583 1046 phalem
620 978 950 1044 erectum,
996 964 1192 1029 docet
1221 964 1353 1028 Dio
1385 968 1470 1050 ⁸).

833 1179 874 1218 st
1042 1134 1081 1171 .
1248 1179 1289 1218 st

638 1269 907 1334 PONT.
961 1272 1176 1353 Caput
1212 1273 1397 1336 Iovis
1426 1272 1805 1336 Ammonis.

311 1368 489 1432 mP.
538 1371 782 1440 CAES.
828 1374 1034 1440 DIVI.
1083 1376 1159 1438 F.
1238 1376 1550 1437 Victoria
1605 1374 1806 1458 globo

311 1466 636 1536 insistens
682 1479 748 1540 d.
793 1497 1135 1554 coronam,
1198 1490 1254 1541 s:
1288 1477 1606 1559 palmam.
1663 1477 1808 1545 AR.

312 1569 719 1652 (Pembrock
749 1579 823 1638 P.
847 1580 957 1641 111.
992 1577 1118 1642 tab.
1148 1578 1240 1659 q.)

441 1680 741 1741 Insolens
797 1679 867 1741 in
928 1679 1267 1744 Octaviani
1340 1678 1551 1741 numia
1621 1691 1810 1765 typus

314 1781 679 1845 Ammonis.
737 1785 827 1844 At
867 1802 952 1844 ne
996 1783 1142 1867 quis
1179 1781 1451 1843 subtiles
1487 1779 1627 1863 ejus
1666 1801 1815 1843 cau·

316 1904 421 1947 aas
473 1882 786 1961 advocet,
848 1904 1121 1958 mone0,
1184 1903 1334 1945 eum
1378 1884 1699 1966 signatum
1742 1881 1813 1944 in

318 1984 547 2048 Africa
589 2008 627 2049 a
666 1985 933 2048 Pinario
978 1986 1261 2071 Scarpo,
1314 1999 1387 2048 ut
1435 1982 1658 2048 collati
1701 1984 1814 2047 alii

318 2089 463 2171 ejus
522 2086 777 2151 denarii
837 2087 1111 2163 docent,
1191 2108 1354 2172 quos
1418 2086 1593 2152 vide.
1678 2088 1814 2149 Iam

315 2189 515 2251 alium
536 2188 859 2271 ‘ejusdem
905 2191 1131 2275 Scarpi
1177 2212 1483 2267 numum,
1532 2187 1657 2285 ¹aed
1696 2188 1815 2252 ali-

314 2305 424 2355 ter
454 2292 877 2377 inscriptum,
917 2315 1113 2377 supra
1148 2291 1469 2358 dedimus.

840 2396 1291 2488 ιε’*

656 2495 875 2575 Caput
905 2497 1256 2581 Apollinis
1285 2497 1681 2559 laureatum.

314 2595 499 2661 IMP.
545 2594 914 2663 CAESAR.
988 2598 1278 2662 Colonus
1334 2617 1540 2680 agens
1595 2596 1839 2658 boves.-

315 2697 460 2761 AR.
495 2700 693 2777 (Mus.
724 2701 944 2781 Caes)

450 2800 757 2864 Coloniae
804 2800 1015 2866 varias
1065 2799 1235 2864 intra
1280 2798 1402 2863 hos
1447 2819 1650 2863 annos
1700 2796 1816 2862 de-

320 2898 508 2963 duxit
537 2902 800 2966 Caesar.
843 2903 1093 2969 Verum
1130 2922 1293 2987 quae
1323 2922 1511 2965 causa
1539 2902 1639 2979 ait,
1673 2921 1812 2979 cur,

319 3001 500 3085 quod
534 3000 737 3088 aliqui
776 3003 1175 3081 existimant,
1224 3004 1505 3067 exclusis
1540 3003 1683 3066 aliia
1718 3003 1815 3063 in-

318 3105 583 3168 dicetur
625 3105 885 3169 colonia
929 3106 1290 3187 Carthago,
1344 3128 1478 3169 non
1526 3105 1678 3170 satis
1721 3105 1817 3170 vi·
1852 3136 1859 3141 -

316 3205 472 3274 deo.
536 3207 709 3271 Sane
756 3222 949 3292 caput
987 3207 1315 3294 Apollinis
1359 3208 1441 3273 ad
1485 3205 1817 3293 Cartbagi-

313 3328 467 3371 nem
503 3329 641 3373 non
674 3308 852 3378 facit.

1044 3394 1085 3431 ³}

839 3442 879 3478 st
1253 3441 1292 3480 U

643 3514 860 3598 Caput
886 3516 1191 3579 Caesaris
1215 3516 1594 3578 laureatum
1622 3527 1804 3578 secto

641 3617 915 3679 brachio
975 3621 1199 3682 instar
1252 3617 1555 3695 hermae,
1626 3637 1805 3700 pono

620 3717 920 3801 fulmen.

308 3817 481 3880 [ΜΡ.
515 3817 888 3884 CAESAR.
936 3820 1084 3902 Ipse
1125 3831 1400 3902 togatus
1441 3819 1651 3881 sellae
1690 3839 1801 3881 cu·

307 3920 445 3981 mle
480 3921 767 4000 insidet,
812 3923 875 3983 d.
910 3906 1374 4013 memmenni.
1418 3918 1560 3984 AR.
1602 3922 1804 4004 (Mus.

313 4021 534 4102 Caes.)

434 4122 715 4200 Pacem,
769 4131 959 4208 quam
1002 4122 1291 4189 indicant
1332 4137 1519 4209 toga,
1569 4136 1637 4187 et
1673 4122 1799 4187 ael·

311 4225 374 4286 la
404 4224 685 4302 curulia,
727 4225 1001 4289 victoria
1026 4240 1275 4310 partam
1308 4226 1578 4310 respicit
1606 4225 1802 4290 dena·

315 4325 472 4390 rius.
531 4326 670 4390 Pro
713 4341 899 4412 parte
942 4328 1153 4393 antica
1194 4327 1347 4394 vide
1388 4314 1657 4392 numum
1699 4348 1800 4392 ae·

320 4442 654 4512 quentem.

653 4529 869 4611 Caput
908 4529 1218 4595 Caesaris
1249 4535 1516 4596 nudum.

320 4633 501 4700 mP.
538 4630 911 4707 CAESAR.
957 4635 1171 4714 Caput
1209 4635 1519 4697 Caesaris
1551 4634 1813 4698 laurea·

398 4844 456 4913 a)
496 4837 791 4896 1..me
818 4842 871 4911 ς.
898 4850 983 4900 15.
1130 4836 1201 4912 b)
1238 4838 1299 4896 in
1326 4832 1477 4918 A‘ug.
1509 4859 1559 4898 c.
1581 4851 1670 4904 25.

1921 770 2065 820 tum
2117 759 2384 823 hermae
2433 764 2849 846 impositum,
2906 764 3091 849 infra
3119 767 3415 853 fulmen.

1918 860 2059 924 AR.
2104 862 2550 946 (Mus.Caea.)

2044 952 2571 1046 Havercampua,
2638 963 2881 1051 aliique
2925 967 3100 1035 hunc
3144 993 3412 1039 aversae

1917 1063 2198 1127 hermen
2244 1065 2472 1128 dixere
2520 1066 2732 1142 Solia,
2795 1070 2938 1150 ipso
2994 1086 3210 1136 autem
3265 1077 3421 1140 her-

1917 1186 2065 1228 mae
2110 1165 2443 1248 pondere,
2502 1181 2568 1229 et
2622 1169 2897 1233 fulmine
2941 1171 3215 1238 indicari
3260 1179 3421 1242 Cae·

1920 1269 2081 1331 saris
2116 1268 2417 1351 adagium
2457 1291 2540 1332 ex
2579 1270 2896 1335 Suetonio
2929 1289 3190 1341 notum:
3240 1297 3419 1342 σπευ·

1919 1362 1989 1430 δε
2019 1367 2310 1449 βραδεως,
2331 1373 2604 1453 festina
2641 1374 2818 1436 lente
2845 1371 2911 1457 ¹²)
2930 1421 2948 1452 ,
2981 1390 3281 1465 tanquam
3313 1384 3419 1446 ni-

1919 1472 2158 1535 mirum
2215 1473 2446 1563 herma
2487 1487 2766 1537 ‚notaret
2823 1476 3230 1561 tarditatem,
3289 1484 3421 1548 ful-

1922 1594 2079 1637 men
2133 1566 2559 1638 celeritatem.
2623 1576 2828 1639 Iidem
2874 1579 2940 1640 in
2986 1581 3114 1644 alio
3159 1605 3421 1671 quoque

1923 1695 2124 1737 numo
2163 1676 2340 1738 idem
2375 1677 2654 1761 Augusti
2686 1679 3052 1761 symbolum
3083 1684 3424 1764 viderunt,

1927 1776 2012 1840 de
2057 1797 2186 1862 quo
2234 1778 2386 1842 vide
2425 1781 2904 1865 numos-gentis
2938 1784 3277 1854 Durmiae.
3337 1790 3428 1853 At

1927 1879 2103 1943 enim
2139 1894 2394 1943 certum
2431 1895 2566 1958 est,
2625 1883 2694 1942 in
2739 1882 2929 1967 hujus
2972 1887 3154 1949 numi
3196 1911 3427 1955 aversa

1926 1981 2209 2065 proponi
2263 1983 2473 2060 idem,
2549 1983 2726 2068 quod
2782 1986 2850 2046 in
2900 1987 3109 2051 antica
3168 1989 3423 2055 denarii

1925 2084 2425 2169 praecedentis;
2476 2085 2530 2147 si
2575 2106 2650 2147 e1
2654 2107 2737 2168 go
2780 2085 2850 2146 in
2892 2086 3014 2150 hac
3051 2094 3426 2176 conspiran-

1925 2185 2098 2249 tibus
2153 2188 2451 2249 omnibus
2509 2201 2610 2249 est
2667 2202 2860 2271 caput
2905 2191 3231 2272 Caesaris,
3283 2186 3426 2258 erit
3511 2200 3522 2215 “

1860 2306 1873 2317 ‘
1926 2288 2122 2352 etiam
2160 2289 2225 2350 in
2263 2311 2490 2357 aversa
2526 2289 2777 2352 denarii
2807 2293 3201 2373 praesentiS,
3245 2297 3425 2382 quod

1924 2390 2106 2452 numi
2164 2393 2290 2475 ipsi
2356 2393 2575 2455 collati
2642 2391 2884 2455 invicte
2952 2393 3420 2465 demonstrant.

1929 2492 2278 2557 Ostentant
2351 2514 2515 2578 ergo
2590 2494 2870 2578 aliquam
2931 2497 3223 2563 Caesarie
3297 2515 3422 2567 ata·

1926 2606 2102 2657 tuam
2136 2595 2257 2658 hac
2290 2596 2499 2658 forma
2531 2598 2841 2679 positam,
2879 2611 2947 2659 et
2988 2599 3249 2682 quidem
3286 2606 3428 2687 pal-

1926 2696 2093 2760 mari
2149 2696 2520 2761 adulatione
2582 2698 2802 2760 addito
2855 2699 3026 2763 Iovis
3089 2704 3420 2769 attributo.

1925 2797 2214 2881 Decepti
2264 2813 2413 2861 sunt
2455 2799 2579 2861 viri
2629 2799 2869 2863 eruditi
2911 2823 2947 2863 a
2995 2805 3424 2884 prominenti·
3471 2792 3491 2805 ’

1926 2900 2049 2962 hus
2085 2901 2350 2965 laureae
2390 2900 2603 2980 foliis,
2660 2923 2824 2986 quae
2861 2923 3006 2965 ease
3046 2906 3263 2969 radios
3303 2909 3426 2972 So·

1926 3001 2048 3078 lis,
2103 3022 2450 3084 perperam
2496 3003 2864 3067 credidere.
2935 3004 3115 3069 Alias
3163 3006 3245 3068 de
3289 3008 3421 3074 hoo

1929 3117 2085 3189 typo
2129 3104 2540 3185 conjecturas
2577 3105 2728 3169 vide
2764 3104 2954 3191 apud
2969 3107 3292 3175 Oiselium
3325 3114 3419 3196 c),

1930 3227 2089 3292 quas
2120 3203 2382 3271 referre
2420 3206 2624 3292 piget.

2439 3422 2481 3458 {r
2649 3376 2690 3415 *
2856 3425 2897 3464 st

2170 3578 2193 3588 ,
2259 3513 2473 3601 Caput
2513 3517 2824 3579 Caesaris
2861 3519 3127 3581 nudum.

1921 3612 2099 3680 IMP.
2143 3614 2511 3682 CAESAR.
2550 3620 2759 3688 DIVI.
2796 3619 2872 3681 F.
2925 3622 3229 3705 clypeus.
3272 3621 3415 3685 AR.

1917 3720 2117 3799 (Mus.
2149 3718 2369 3798 Caes.)

2239 3822 2418 3882 IMP.
2503 3822 2719 3907 Caput
2792 3822 3050 3887 Martt’s
3122 3824 3416 3887 modeste

2245 3922 2618 3986 barbatum.
3427 3948 3432 3953 ·

1917 4018 2285 4088 CAESAR.
2380 4024 2703 4106 Ch‘peus,
2781 4027 2856 4087 iu
2932 4023 3120 4101 cujus
3196 4026 3411 4089 medio

1913 4136 2173 4188 astrum
2215 4125 2377 4188 1ιὶηο
2416 4136 2483 4186 at
2525 4127 2723 4187 illinc
2761 4124 3002 4188 hastae
3035 4130 3415 4209 promican-

1914 4236 2039 4293 tes.
2080 4226 2223 4290 AR.
2263 4228 2461 4308 (Mus.
2497 4226 2711 4309 Caes.)

2047 4328 2258 4411 Caput
2295 4328 2543 4391 anticae
2596 4327 2664 4387 in
2719 4324 3088 4410 posteriore
3136 4324 3408 4395 denario

1916 4450 1954 4494 a
2007 4428 2205 4493 variis
2259 4449 2384 4511 pro
2443 4429 2648 4513 ipsius
2691 4427 2987 4491 Caesaris
3044 4429 3254 4514 capite
3311 4445 3416 4495 est

1923 4530 2248 4609 habitum,
2283 4551 2431 4595 cum
2466 4532 2550 4594 sit
2575 4530 2979 4594 luculentum
3009 4532 3270 4613 Martis,
3308 4555 3417 4598 cu-

1924 4633 2028 4717 jus
2065 4647 2214 4695 sunt
2246 4632 2439 4698 etiam
2471 4632 2775 4725 attributa
2807 4654 3099 4699 aversae.

1820 4843 1882 4915 c)
1921 4841 2099 4900 Num.
2128 4840 2230 4900 sel.
2260 4861 2323 4918 p.
2344 4851 2498 4916 203„
