4509 5584
998 4804 1001 4811 '
1097 4805 1146 4877 §.
1169 4815 1257 4877 39.

1069 604 1169 681 ω.
2214 588 2318 661 Μ.
2384 584 3029 663 ΑΝΤοΝινε.

1071 764 1278 829 dicari
1306 781 1603 826 museum
1631 759 1711 824 ad
1736 758 1948 825 socios
1979 763 2129 825 Iesu
2157 774 2457 846 spectans
2488 761 2572 845 ι),

1073 867 1250 953 quod
1279 863 1629 929 absurdum
1664 863 2030 952 laboriosus
2059 864 2200 939 hic,
2232 859 2303 927 at
2336 886 2568 950 parum

1071 967 1415 1032 adcuratus
1448 966 1730 1049 scriptor
1765 987 1898 1028 non
1935 965 2236 1045 dixisset,
2283 966 2339 1028 si
2368 964 2572 1031 refle-

1073 1069 1277 1132 xisset
1311 1068 1595 1130 animum
1629 1066 1711 1130 ad
1745 1067 2029 1130 similem
2060 1090 2330 1132 numum
2361 1067 2569 1154 Oppii

1076 1170 1249 1256 apud
1282 1169 1563 1233 eundem
1600 1168 2005 1232 Morellium.

1205 1272 1568 1354 Singularis
1597 1285 1785 1354 typus
1812 1271 1877 1332 in
1901 1272 2113 1334 numis
2134 1270 2356 1356 Oppii,
2387 1272 2573 1336 Atra-

1050 1373 1213 1459 βοὶ,
1249 1387 1318 1437 et
1344 1372 1595 1436 Bibuli:
1621 1372 1897 1459 figurae
1923 1376 2117 1450 duae,
2145 1386 2381 1456 togata
2410 1394 2567 1450 una,

1068 1477 1328 1542 stolata
1381 1476 1597 1537 altera
1651 1476 1726 1537 in
1779 1474 2361 1558 hippocamporum
2408 1495 2571 1554 qua-

1066 1580 1286 1660 drigis
1341 1587 1586 1638 vectae.
1651 1572 2036 1641 Vaillantius
2088 1574 2156 1637 in
2192 1575 2313 1641 'his
2364 1576 2570 1638 Anto-

1069 1678 1287 1753 nium,
1356 1690 1423 1739 et
1483 1677 1896 1759 Cleopatram
1959 1678 2289 1761 agnoseit,
2362 1691 2568 1762 putat-

1072 1799 1235 1863 que,
1314 1779 1440 1839 hoc
1504 1791 1656 1860 typo
1720 1777 1941 1839 adludi
2013 1777 2098 1840 ad
2166 1779 2571 1863 triumphum

1074 1879 1159 1943 de
1206 1893 1391 1962 capta
1432 1876 1787 1954 Armenia,
1845 1878 2117 1963 ejusque
2173 1902 2339 1966 rege
2383 1881 2572 1943 Arta-

1071 1979 1297 2044 vasde.
1370 1978 1814 2063 Ignoseendus
1874 1979 1981 2042 hie
2039 2002 2233 2044 error
2286 1980 2574 2050 Vaillan-

1072 2080 1203 2156 tio,
1263 2080 1447 2164 cujus
1503 2101 1736 2143 numus
1794 2080 2051 2145 vitiatus
2109 2083 2267 2160 fuit,
2329 2098 2394 2146 at
2434 2103 2571 2145 non

1071 2181 1353 2267 perinde
1417 2184 1873 2266 Havereampo
1938 2182 2117 2246 idem
2178 2205 2328 2247 cum
2391 2183 2569 2252 Vail-

1008 2273 1019 2281 ’
1072 2285 1279 2348 lantio
1330 2284 1639 2348 sentienti
1674 2283 1740 2366 b)
1756 2307 1777 2366 3
1835 2307 1981 2348 nam
2025 2298 2253 2348 nactus
2298 2307 2569 2348 numum

1072 2387 1453 2468 integrum,
1483 2385 1550 2446 iu
1586 2407 1714 2469 quo
1734 2385 2068 2469 ⁸Antonius
2104 2387 2345 2450 dieitur
2373 2387 2568 2449 COS.

1073 2489 1271 2550 DES.
1306 2489 1540 2552 ITER.
1571 2489 1714 2552 ΕΤ.
1755 2491 1991 2565 TER„
2041 2487 2420 2572 intelligere
2460 2489 2571 2552 de·-

1074 2588 1252 2665 buit,
1327 2608 1480 2650 eum
1539 2576 1895 2673 signatum,
1968 2602 2311 2673 antequam
2370 2591 2575 2653 Anto-

1073 2691 1220 2752 nius
1270 2690 1352 2751 de
1396 2691 1708 2754 Armenia
1750 2690 2201 2773 triumpharet.
2242 2692 2574 2777 Allegori·

1077 2810 1194 2854 eus
1233 2804 1416 2854 certe
1458 2806 1558 2855 est
1592 2806 1812 2875 typus,
1866 2792 1991 2855 sed
2027 2794 2211 2877 eujus
2250 2815 2413 2877 ego,
2464 2816 2574 2879 pa-

1074 2914 1227 2956 rum
1280 2891 1347 2953 in
1404 2892 1698 2959 obscuris
1755 2893 2000 2973 audax,
2068 2896 2574 2980 explicationem

1078 3012 1210 3056 non
1248 3005 1456 3062 tento.
2102 3015 2109 3021 ·

1203 3096 1319 3156 De
1344 3110 1497 3180 typo
1531 3096 1889 3184 triquetrae
1928 3098 2040 3186 egi
2083 3099 2150 3164 in
2194 3080 2352 3187 ipsis
2398 3123 2574 3169 eom-

1080 3198 1437 3261 menteriis.

1605 3381 1645 3420 ὓ
1812 3338 1855 3375 ¹·
2020 3387 2063 3424 R

1126 3556 1135 3565 .
1210 3505 1390 3567 Inter
1424 3502 1624 3567 duces
1653 3508 1746 3572 M.
1770 3505 2037 3569 Antonii
2064 3528 2578 3575 commemoran-

1087 3605 1209 3666 dus
1243 3604 1352 3667 hie
1376 3604 1571 3670 ‘foret
1594 3609 1671 3671 P.
1705 3608 2134 3675 CANIDIVS.
2166 3612 2577 3684 CRASSVS.

1084 3705 1288 3777 LEG.
1320 3706 1399 3769 A.
1431 3709 1547 3784 P.,
1594 3710 1698 3772 vel
1721 3753 1747 3786 ,
1785 3722 1854 3771 ut
1881 3710 2347 3779 Mediobarbus
2378 3716 2577 3801 legite

1074 3807 1293 3892 ·LE‚G.
1337 3809 1473 3871 AF.
1501 3813 1593 3891 ,9)
1630 3810 1807 3874 unde
1855 3811 2290 3896 spanhemius
2330 3817 2583 3881 LEGa·

1092 3920 1253 3992 tum·
1292 3909 1646 3973 Armeniae
1704 3912 2102 3978 Provinciae
2161 3918 2426 3982 conficit
2479 3918 2580 4003 d),

1090 4132 1238 4177 eum
1274 4113 1382 4176 hie
1415 4135 1649 4176 numus
1685 4130 1863 4181 certa
1895 4118 1976 4180 sit
2006 4138 2189 4181 merx
2220 4121 2583 4201 Goltziana‚

1090 4214 1564 4299 negligendum
1597 4227 1794 4300 puto,
1832 4222 2046 4286 donee
2071 4244 2109 4286 a
2137 4222 2296 4289 viris
2327 4224 2583 4292 idoneis

1090 4316 1517 4402 adprobatum
1553 4319 1806 4386 videro.

3202 806 3242 845 ὓ
3409 763 3449 800 ⁴.
3616 810 3658 847 ὓ

2843 906 3051 974 Numi
3093 908 3224 973 alta·
3264 909 3614 973 commatis
3648 913 4008 994 peregrini.

3010 1067 3103 1131 M.
3176 1062 3664 1133 ANTONIVS.
3727 1069 3903 1135 IMP.
3978 1064 4174 1131 COS.
4245 1128 4258 1137 .

3010 1157 3302 1233 DESIG.
3332 1158 3564 1234 ITER.
3589 1169 3731 1233 ΕΤ.
3757 1171 4016 1231 TERT.
4054 1170 4178 1232 Ca·

3011 1282 3141 1352 put
3170 1270 3470 1332 Antonii
3502 1270 3742 1332 hedera
3774 1275 4180 1346 redimitum,

3015 1373 3204 1455 infra
3237 1371 3484 1447 lituus,
3520 1374 3746 1433 omnia
3771 1374 3965 1445 ,intra
3997 1358 4184 1435 συνά-

3015 1492 3168 1533 nam
3208 1471 3661 1536 hederae-eam.

2683 1572 2949 1640 mVIR.
2972 1573 3053 1634 R.
3079 1573 3155 1640 P.
3187 1573 3260 1638 C.
3302 1576 3490 1637 Cista
3510 1574 3770 1637 Baccha·
3807 1575 3984 1638 inter
4017 1575 4188 1637 duos

2685 1689 3056 1758 serpentes,
3110 1684 3223 1738 cui
3270 1677 3571 1738 imminet
3619 1688 3816 1758 caput
3868 1678 4187 1739 muliebre

2691 1777 2966 1845 nudum.
3009 1775 3149 1840 AR.
3183 1797 3268 1840 m.
3297 1798 3384 1841 m.
3423 1777 3625 1860 (Mus.
3662 1778 3881 1859 Caes.)
4025 1778 4030 1783 ’
4065 1854 4088 1865 ..

2892 1866 2904 1881 ’
3015 1880 3270 1942 Eadem
3308 1879 3682 1960 epigraphe.
3723 1880 3963 1962 Capita
3992 1882 4192 1962 juga·

3017 1992 3128 2057 ta,
3164 1981 3462 2044 Antonii
3494 1981 3740 2043 hedera
3779 1983 4186 2057 redimitum,

3013 2092 3083 2143 et
3120 2082 3442 2145 muliebre
3477 2084 3752 2147 nudum.

2685 2181 2955 2250 mVIR.
2982 2183 3062 2247 R.
3091 2184 3166 2248 P.
3197 2184 3272 2249 C.
3312 2183 3503 2249 Cista
3527 2184 3788 2246 Bacchi
3813 2187 3988 2246 inter
4013 2185 4186 2245 duos
4287 2172 4292 2181 ⁸

2682 2294 3047 2364 serpentes,
3092 2288 3208 2347 cui
3239 2288 3505 2348 insistit
3536 2286 3848 2350 Bacchus
3878 2286 4192 2349 stolatus·

2686 2384 2750 2446 d.
2799 2386 3226 2465 cantharum,
3285 2409 3344 2449 s.
3383 2387 3707 2471 thyrsum.
3765 2388 3907 2451 AB.
3953 2407 4041 2451 m.
4087 2405 4179 2447 m„

2686 2487 2886 2569 (Mus.
2923 2485 3142 2568 Caes.)

2815 2586 2937 2650 Est
2973 2600 3251 2672 uterque
3299 2588 3408 2653 hie
3446 2610 3679 2654 numus
3717 2611 3801 2654 ex
3838 2590 4186 2673 cistopho-

2689 2707 2916 2750 rorum
2972 2710 3251 2773 genere,
3311 2691 3395 2753 de
3464 2713 3744 2779 quorum
3802 2706 4031 2755 natura
4086 2705 4188 2774 ty·

2687 2788 2921 2875 pisque
2979 2793 3088 2855 h'ie
3144 2813 3281 2858 non
3341 2793 3626 2879 agimus,
3699 2795 4027 2873 contenti,
4100 2814 4184 2858 ea

2689 2892 2903 2954 solum
2943 2893 3304 2978 attingere,
3366 2916 3532 2982 quae
3587 2896 3656 2958 in
3693 2897 3812 2961 his
3855 2896 3938 2961 ad
3976 2897 4186 2959 Anto-

2687 2995 2868 3058 nium
2927 2996 3282 3078 pertinent.
3360 2996 3575 3090 Quem
3637 2999 3707 3060 in
3766 3019 3966 3061 numo
4027 2998 4187 3060 anni

2687 3098 2774 3163 V.
2818 3097 2892 3163 C.
2956 3100 3083 3179 7¹5
3157 3097 3514 3161 Antonium
3586 3101 3951 3163 Herculem
4019 3099 4195 3164 vidi-

2690 3219 2872 3277 mus,
2924 3220 3096 3263 nune
3143 3222 3227 3264 ex
3273 3221 3518 3265 corona
3570 3201 3939 3266 hederaeea
3982 3222 4192 3285 agno,-

2579 3358 2590 3367 .
2691 3301 2933 3364 seimus
2971 3302 3342 3380 Bacchum,
3405 3303 3690 3389 copiosis
3743 3318 4044 3368 veterum
4090 3317 4194 3367 te·
4255 3308 4262 3315 ”

2692 3401 3013 3465 stimoniis
3069 3403 3240 3468 hane
3303 3405 3441 3487 ejus
3500 3405 3884 3490 apotheosin
3949 3402 4193 3468 confir-

2690 3504 3044 3570 mantibus..
3095 3506 3331 3569 Refert
3371 3508 3508 3570 Dio
3548 3509 3647 3589 e),
3689 3520 3760 3572 et
3805 3507 4057 3571 Seneca
4099 3505 4193 3589 ¹),

2694 3606 3052 3670 Antonium
3095 3608 3180 3675 V.
3223 3608 3295 3670 C.
3341 3611 3468 3687 725
3515 3630 3600 3674 ex
3645 3608 3826 3674 Italia
3869 3609 3940 3671 in
3985 3609 4198 3673 Grae·
4281 3640 4299 3667 e

2697 3707 2864 3770 eiam
2903 3729 3248 3774 reversum
3283 3709 3615 3774 Bacchum
3651 3733 3721 3775 se
3757 3712 4036 3775 alterum
4073 3733 4199 3775 no·—

2698 3806 3015 3889 mifi‘asse,
3092 3811 3230 3874 hoe.
3297 3834 3558 3897 quoque
3631 3813 3855 3877 statuis
3925 3813 4198 3878 nomine

2625 3970 2640 3981 .
2699 3910 3102 3996 subscripto,
3150 3912 3445 3998 illudque
3496 3912 3575 3978 ab
3628 3914 3772 3978 aliis
3817 3915 3944 3978 sibi
3990 3915 4203 3981 tribui

1087 4009 1555 4074 Mediobarbus
1583 4014 1951 4077 LEGatum
1981 4016 2310 4081 AFricae.
2331 4021 2584 4098 Verum
2603 4013 3013 4087 ...volui-sse.

3135 4016 3427 4099 Cumque
3515 4016 3771 4082 obviam
3853 4008 4200 4100 progressi

2698 4114 3139 4181 Athenienses
3206 4117 3504 4179 Libirum
3582 4138 3734 4183 eum
3801 4119 4198 4197 salutarent,

2701 4236 2899 4300 quem
2932 4204 3254 4283 honorem
3288 4232 3457 4283 teste
3487 4219 3792 4303 Diogene
3826 4221 4094 4285 Laertio
4129 4225 4200 4304 s)

2696 4316 2827 4400 jam
2883 4333 3070 4384 antea
3126 4315 3505 4384 Alexandro
3564 4341 3826 4407 quoque
3869 4327 3961 4390 M.
4008 4323 4202 4410 ‹leta-⁶

2698 4418 2958 4497 lerant,
3033 4435 3516 4508 rogarentque,
3600 4446 3686 4488 ne
3775 4439 4198 4510 gravaretur,

1094 4582 4188 4628 ——--——--—-.—.—-——-————-—

1169 4717 1237 4787 a)
1256 4696 1411 4788 rag.
1432 4715 1523 4777 26.
1668 4715 1740 4790 b)
1780 4716 1860 4773 aa
1882 4717 2112 4779 Mareu.
2142 4739 2204 4796 p.
2224 4725 2315 4786 26.

1406 4802 1462 4874 f)
1501 4804 1561 4859 iu
1589 4803 1824 4864 Suasor.
1850 4809 1896 4867 Ι.
2043 4811 2110 4886 g)
2146 4810 2212 4868 L.
2231 4812 2333 4873 Vl.
2365 4815 2413 4887 §.
2432 4816 2523 4879 63.

2464 4726 2526 4798 c)
2564 4728 2706 4805 Pag.
2732 4738 2818 4794 18.
2859 4734 2887 4747 ⁴·
2966 4732 3036 4806 d)
3075 4733 3245 4793 Tom.
3269 4732 3344 4799 Π.
3374 4754 3437 4812 p.
3462 4744 3584 4799 178.
3681 4724 3696 4743 ⁴
3735 4736 3904 4811 e)‘L.
3930 4736 4197 4813 XLVIII.

3145 4988 3172 5040 Ι
