4509 5584
1564 547 2211 626 TRAIANVS.

312 723 450 788 bris
487 717 736 808 figenti.
797 721 1238 808 Argumenta,
1290 733 1365 786 ut
1401 721 1543 800 ait,
1569 720 1807 785 invicta

310 824 479 910 petit
507 826 558 891 1.
597 844 681 888 ex
712 824 1111 910 panegyrico
1138 823 1342 888 Plinii
1375 823 1551 890 diem
1575 826 1808 893 XVIII.

315 925 729 1010 Septembris
785 927 1045 1012 triplici
1087 930 1340 1011 gaudio
1401 927 1655 992 laetum
1704 924 1814 989 ad-

316 1026 598 1093 serentis
628 1035 718 1106 ⁸),
755 1031 874 1109 qus·
898 1031 1265 1113 principem
1297 1030 1582 1094 abstulit
1602 1029 1813 1112 pessi·

311 1151 498 1204 mum
590 1129 1098 1215 (Domitianum)
1187 1131 1373 1195 dedit
1456 1133 1810 1216 opn‘mum,

315 1233 670 1316 (Nervam)
700 1232 1036 1295 meliorem
1065 1234 1314 1315 optz‘mo
1334 1234 1596 1314 genuit,
1616 1233 1813 1316 (Tra-*-

310 1337 566 1421 janum)
629 1354 762 1420 que
815 1333 959 1398 solo
1017 1331 1338 1399 vocabulo
1391 1337 1631 1416 genuit
1683 1332 1817 1395 Pli-

309 1436 791 1520 niusindicare
823 1435 1064 1514 voluit,
1118 1448 1191 1499 ut
1233 1433 1557 1502 existimat
1589 1435 1813 1498 Belle-

308 1563 471 1626 yus,
544 1554 615 1603 et
676 1539 959 1604 natalem
1024 1537 1324 1621 Traiani,
1395 1552 1462 1603 et
1530 1537 1808 1600 natalem

309 1640 712 1727 adoptionis,
772 1660 891 1702 seu
945 1638 1228 1724 imperii.
1313 1641 1391 1701 11.
1446 1640 1550 1700 Ex
1610 1659 1809 1703 numo

311 1743 584 1829 'l'rajani
650 1742 824 1827 apud
893 1741 1138 1805 Gabala
1211 1739 1438 1825 Syriae
1515 1740 1806 1825 signate,

292 1869 511 1933 quem
545 1845 753 1920 edidit
786 1839 1305 1924 Frolichiusrb),
1350 1854 1419 1904 et
1466 1842 1579 1927 qui
1620 1864 1810 1927 prae-

308 1963 419 2013 ter
461 1970 702 2013 annum
736 1945 1027 2031 epochae
1063 1940 1289 2008 PMP.
1325 1943 1676 2026 Traianum
1713 1944 1809 2007 di-

308 2051 434 2117 cit:
483 2047 694 2117 NGP.
735 2049 979 2111 KAIC.
1016 2041 1521 2111 TPAIANOC.
1561 2044 1806 2130 absque

306 2150 590 2237 Augusti
643 2149 853 2216 titulo.
933 2142 1171 2231 Coepit
1224 2147 1476 2230 epocha
1529 2146 1808 2210 Gabalo-

303 2276 456 2318 rum
490 2252 559 2315 in
595 2265 903 2316 autumno
934 2252 1016 2319 V.
1049 2250 1121 2312 C.
1155 2245 1319 2330 7o7‘,
1371 2268 1535 2332 ergo
1569 2268 1805 2311 numus

300 2356 416 2420 hic
465 2356 749 2440 signatus
797 2365 899 2416 est
941 2350 1023 2415 ab
1065 2363 1373 2414 autumno
1413 2351 1500 2418 V.
1534 2351 1602 2414 C.
1650 2352 1803 2434 84q.

302 2459 474 2523 Cum
521 2477 687 2523 vero
740 2452 1056 2537 Traianus
1111 2452 1182 2513 in
1237 2450 1365 2515 hoc
1416 2472 1616 2514 numo
1671 2451 1803 2535 jam

302 2559 563 2626 dicatur
593 2561 870 2633 Caesar,
916 2573 1191 2618 necesse
1228 2566 1348 2631 est,
1381 2575 1535 2617 eum
1572 2575 1801 2620 cusum

302 2662 510 2726 fuisse
560 2674 709 2725 ante
765 2670 1142 2722 autumnum
1197 2656 1279 2725 V.
1324 2657 1396 2722 C.
1444 2656 1608 2735 850,
1668 2677 1800 2743 quo

299 2765 436 2850 jam
512 2761 734 2847 coepit
816 2781 1018 2824 annus
1099 2756 1495 2821 Gabalerum
1573 2755 1801 2825 AMP.

300 2865 595 2930 Nuncius
644 2862 847 2948 igitur
900 2860 1187 2943 adoptati
1239 2858 1347 2923 die
1399 2860 1632 2926 XVIII.
1679 2859 1797 2923 Se-

298 2967 625 3054 ptembris
670 2962 935 3049 Trajani
969 2962 1146 3026 circa
1184 2960 1384 3024 finem
1418 2960 1727 3024 Octobris
1763 2984 1803 3025 a

303 3068 658 3133 Gabalenis
707 3080 804 3130 est
858 3077 1197 3147 acceptus,
1247 3084 1321 3127 ac
1369 3062 1679 3126 contiuuo
1721 3062 1804 3125 si-

301 3185 537 3259 gnatus
560 3169 668 3233 hic
692 3190 945 3246 numus,
972 3179 1315 3250 antequam
1341 3186 1544 3228 annus
1567 3162 1797 3233 ΓΜΡ.

302 3275 724 3360 exspirasset.

421 3379 529 3441 An
589 3395 673 3439 ex
715 3369 936 3438 verbis
978 3365 1180 3431 Plinii
1222 3366 1489 3451 adoptio
1532 3365 1798 3449 Traiani

298 3481 388 3547 ad
448 3479 625 3542 diem
680 3475 916 3542 XVIII.
961 3469 1369 3556 Septembris
1427 3469 1669 3533 invicte
1723 3468 1797 3530 fi-

299 3596 531 3671 gatur,
600 3561 778 3659 (nam
829 3572 1007 3638 aliud
1061 3586 1407 3657 praeterea
1454 3592 1797 3656 argumen-

296 3700 442 3749 tum
486 3680 739 3745 nullum
787 3677 1003 3742 adfert
1042 3676 1388 3758 Belleyus)
1429 3675 1577 3758 jure
1613 3674 1796 3738 dubi·

296 3803 446 3852 tare
486 3784 706 3848 liceat.
767 3781 1020 3843 Eorum
1065 3797 1329 3842 sensum
1372 3777 1428 3838 si
1469 3777 1797 3862 expenda-

298 3909 485 3965 mus,
555 3881 970 3948 manifestum
1027 3880 1137 3957 fit,
1211 3891 1544 3970 oratorem
1603 3898 1797 3943 voca-

297 3992 463 4055 bulo
491 3990 728 4073 genuit
757 3981 1042 4065 intelligi
1073 3980 1357 4046 voluisse
1394 3980 1656 4063 Traiani
1684 4001 1795 4044 na-

295 4094 539 4169 talem,
595 4108 744 4154 cum
782 4076 1049 4164 ‘certum
1084 4081 1200 4159 sit,
1260 4080 1611 4164 Trajanum
1664 4081 1793 4145 boc

295 4195 410 4260 die
445 4206 667 4258 natum
703 4188 925 4252 fuisse.
968 4187 1077 4248 An
1103 4206 1231 4250 uua
1278 4180 1795 4267 comprehende-

294 4297 388 4362 rit
424 4294 704 4361 natalem
745 4287 1142 4374 adoptionis,
1184 4305 1395 4371 grave
1430 4304 1514 4348 ex
1555 4304 1637 4348 eo
1678 4283 1792 4346 du-

296 4400 520 4477 bium,
579 4391 758 4483 quod
803 4406 945 4455 tum
993 4388 1133 4451 dies
1179 4387 1300 4451 ille
1354 4407 1488 4450 non
1537 4386 1797 4469 triplici

287 4501 585 4588 gaudio
589 4499 845 4572 laetus,
876 4491 995 4556 sed
1027 4490 1448 4573 quadruplici
1478 4485 1794 4551 dicendus

292 4604 569 4680 fuisset,
617 4597 795 4685 quod
840 4615 995 4661 sane
1042 4611 1176 4656 non
1220 4590 1626 4677 neglexisset
1663 4591 1794 4653 Pli-

1922 719 2069 786 nius
2117 719 2397 784 oratoris
2453 741 2637 788 more
2682 741 2913 790 omnes
2958 739 3221 812 captans
3273 704 3422 798 cau-

1926 845 2029 888 sas
2058 823 2285 887 herois
2311 821 2416 887 'sui
2451 823 2519 886 in
2549 825 2812 889 coelum
2846 829 3242 919 extollendi,
3285 853 3417 920 quo
3485 902 3495 912 ,

1928 938 2318 1009 argumento
2358 924 2441 989 ad
2487 927 2897 992 refutandam
2930 932 3230 998 Panviaii
3274 955 3434 1018 sen-l

1927 1026 2196 1090 tentiam
2225 1049 2414 1090 usum
2441 1028 2573 1114 jam
2598 1029 2790 1095 video
2811 1030 3307 1099 Tillemontium
3338 1047 3419 1115 0).

1928 1130 2207 1192 Tantum
2258 1150 2425 1215 erge
2466 1131 2686 1210 abest,
2743 1146 2821 1196 ut
2860 1134 3423 1222 Plinius·Belleyi

1926 1230 2287 1295 sententiae
2345 1234 2836 1316 patrocinetur,
2902 1249 2975 1298 ut
3031 1237 3423 1303 adversetur

1929 1333 2142 1402 etiam.
2229 1334 2477 1398 Numus
2550 1335 2950 1401 Gabalorum
3024 1338 3200 1402 diem
3268 1339 3422 1405 ado·

1923 1434 2165 1519 ptionis
2196 1455 2330 1499 non
2365 1436 2642 1516 decidit,
2689 1411 3052 1524 quanquam
3091 1440 3265 1503 istud
3305 1462 3421 1507 ne·

1927 1544 2055 1622 que
2093 1537 2395 1603 adfirmet
2436 1541 2784 1623 Belleyus;
2831 1554 3049 1605 tamen
3091 1561 3214 1626 per
3262 1563 3423 1627 epo-

1926 1638 2088 1702 chae
2123 1662 2361 1703 annum
2391 1634 2598 1702 ΓΜΡ
2627 1642 2899 1726 exigere
2929 1643 3223 1722 videtur,
3260 1647 3422 1709 Tra-

1920 1740 2141 1824 janum
2194 1740 2427 1805 saltem
2480 1742 2547 1803 in
2598 1742 2976 1826 Septembri
3015 1744 3160 1829 fiam
3213 1742 3417 1808 fuisse

1923 1841 2331 1926 adoptatum,
2388 1854 2457 1904 et
2498 1842 2849 1908 Caesarem
2893 1845 3171 1924 dictum,
3221 1858 3415 1932 atque

1923 1942 2052 2008 boe
2106 1958 2299 2029 pacto
2354 1942 2694 2011 Victorem
2750 1944 2817 2030 d)
2892 1946 3041 2011 falsi
3096 1967 3416 2032 arguere,

1920 2045 2375 2122 adserentem,
2435 2045 2785 2129 Traianum
2842 2048 3051 2114 tribus
3105 2048 3417 2115 duntaxat

1919 2146 2251 2210 mensibus
2283 2146 2484 2210 fuisse
2516 2149 2859 2234 conlegam
2890 2152 3184 2228 Nervae,
3228 2150 3413 2234 cujus
3459 2189 3466 2198 ·

1920 2245 2261 2311 oraculum
2283 2250 2499 2314 ,secuti
2531 2250 2656 2315 viri
2685 2251 3218 2333 praestantissimi
3236 2251 3415 2315 Dod-

1916 2350 2190 2427 wallus,
2276 2351 2613 2429 Not-isius,
2692 2353 2971 2438 Pagius,
3054 2353 3412 2418 Tillemon·
3455 2343 3464 2352 κ

1918 2451 2076 2530 tius,
2130 2450 2373 2537 aliique
2419 2452 2838 2539 adoptionem
2870 2455 3135 2540 Traj’ani
3176 2455 3259 2520 ad
3303 2477 3415 2520 ex-

1916 2566 2182 2616 euntem
2243 2553 2629 2634 Octobrim,
2703 2556 2814 2619 vel
2881 2556 3220 2622 ineuntem
3280 2559 3415 2623 No·

1916 2654 2237 2720 vembrim
2317 2657 2813 2720 constituerunt.
2927 2659 3094 2722 Nam
3174 2682 3214 2723 a
3302 2659 3410 2725 die

1915 2757 2151 2824 XVIII.
2189 2756 2597 2841 Septembris
2647 2759 2729 2825 V.
2770 2758 2841 2822 C.
2884 2759 3047 2836 850,
3112 2780 3242 2844 quo
3304 2760 3413 2823 ad·

1882 2861 2172 2943 ‘optatus
2235 2859 2552 2941 Trajanus
2621 2881 2658 2921 a
2724 2860 3006 2944 Belleyo
3076 2861 3412 2940 statuitur,

1918 2981 2124 3044 usque
2203 2958 2287 3025 ad
2361 2973 2711 3024 exeuntem
2779 2961 3187 3040 Ianuarium,
3277 2984 3408 3048 quo

1916 3074 2211 3124 mortuus
2293 3075 2397 3126 est
2475 3065 2728 3139 Nerva3
2814 3062 3045 3127 saltem
3129 3078 3408 3149 quatuor
3451 3049 3480 3080 ⁰

1916 3175 2065 3226 sunt
2108 3183 2369 3227 menses
2411 3164 2625 3229 solidi.
2715 3167 3000 3244 Tamen,
3058 3180 3133 3230 ut
3173 3188 3406 3231 verum

1912 3264 2157 3342 fatear,
2214 3285 2347 3327 non
2393 3286 2796 3351 magnopere
2844 3267 3007 3330 mihi
3054 3267 3405 3353 probatur,

1910 3378 2157 3429 tantum
2202 3364 2480 3432 fiduciae
2527 3369 2596 3430 in
2649 3388 2780 3431 uno
2827 3367 2956 3434 hoc
3003 3369 3402 3435 Gabalorum

1910 3488 2112 3531 numo
2164 3469 2439 3549 reponi,
2496 3490 2621 3534 nec
2665 3472 2818 3535 satis
2859 3470 3057 3538 video
3095 3473 3400 3551 rationis,

1912 3589 2033 3635 cur
2076 3553 2244 3634 ad'eo
2287 3585 2722 3655 properarent
2759 3572 3112 3654 Gabaleni‚
3162 3588 3268 3652 ut,
3318 3576 3404 3639 si·

1910 3673 2047 3735 mul
2123 3671 2383 3750 audito,
2428 3672 2837 3759 ‚adoptatum
2910 3675 3111 3741 fuisse
3179 3677 3401 3762 Traja-

1906 3795 2100 3851 num,
2144 3775 2492 3859 perpaucis
2537 3777 2749 3842 adhuc
2793 3778 3074 3842 residuis
3111 3779 3260 3842 anni
3302 3779 3402 3844 sui

1907 3870 1969 3936 Γ
1968 3873 2114 3938 ΜΡ
2168 3876 2433 3954 diebus,
2496 3878 2709 3942 statim
2769 3881 2910 3963 ejus
2965 3881 3265 3958 nomine,
3327 3895 3397 3945 et

1910 3975 2137 4061 effigie
2199 3991 2529 4041 monetam
2584 3978 2883 4044 ferirent.
2970 3978 3149 4074 Quid
3218 3981 3397 4067 quod

1911 4078 2164 4156 serius,
2215 4100 2403 4164 quam
2453 4079 2614 4143 haec
2664 4079 3100 4160 dictaveram,
3149 4102 3232 4145 ex
3282 4103 3399 4146 nu·

1910 4179 2033 4244 mis
2088 4202 2125 4244 a
2186 4180 2475 4246 Sestinio
2532 4180 2845 4263 vulgatis,
2915 4181 3126 4266 iisque
3192 4185 3397 4270 magis

1907 4281 2182 4365 integris
2234 4282 2563 4370 comperi,
2616 4281 2684 4344 in
2730 4281 2969 4346 eodem
3018 4283 3145 4347 hoc
3190 4284 3396 4349 Gaba-

1905 4383 2189 4452 lensium
2229 4401 2430 4448 numo
2478 4383 2827 4466 Traianum
2868 4405 3005 4449 non
3046 4386 3397 4452 Caesarem

1909 4500 2192 4565 tantum,
2241 4486 2360 4551 sed
2400 4484 2820 4570 Augustum
2801 4507 3073 4572 insuper
3111 4490 3401 4573 compel-

1909 4588 2072 4668 lari,
2116 4590 2274 4675 quin
2308 4587 2500 4654 valde
2536 4607 2683 4651 esse
2711 4588 3102 4668 verisimile,
3141 4589 3398 4654 initium

301 4729 3406 4768 --——.-———————-—————-————

372 4816 437 4886 a)
481 4811 631 4888 Cap.
666 4819 755 4882 92.
906 4803 976 4878 d)
1015 4804 1113 4863 lv.
1142 4801 1408 4859 Teutam.

1559 4803 1621 4872 c)
1664 4800 1817 4858 Nota
1848 4798 1954 4859 111.
1986 4797 2067 4854 ad
2102 4796 2381 4854 Nervam.

2531 4794 2600 4865 d)
2642 4794 2702 4850 in
2735 4795 3025 4872 Epitome.

3285 575 3429 649 1255
3519 577 3530 586 ⁰
