4509 5584
1090 584 1136 648 2
2168 555 2568 642 tvmvs
2637 554 3123 632 CAESAR.

1211 733 1469 796 Exosus
1510 731 1640 813 jam
1681 748 1849 815 puer
1879 730 1957 792 L.
1995 728 2215 801 Sullae
2259 729 2386 792 fuit
2425 748 2576 793 cum

1084 835 1172 898 cb
1212 830 1764 898 necessitudinem
1808 851 1957 896 cum
2002 831 2075 894 C.
2120 831 2369 908 Mario,
2425 852 2576 894 uam

1083 937 1224 1019 esus
1306 934 1499 1000 amita
1574 934 1735 996 Iulia
1805 933 1959 997 huic
2026 946 2226 1018 nupta
2297 932 2421 994 fuit
2476 933 2573 1012 ⁸),

1078 1054 1214 1101 tum
1300 1036 1474 1121 quod
1556 1034 1924 1097 Corneliam
2010 1034 2252 1097 Cinnae
2338 1030 2573 1113 filiam,

1079 1162 1268 1224 quam
1334 1158 1604 1200 uxorem
1667 1135 1879 1211 duxit,
1955 1136 2136 1197 nullo
2205 1148 2431 1217 pacm,
2505 1144 2574 1192 ut

1075 1239 1490 1325 repudiaret,
1564 1238 1944 1321 permoveri
2011 1237 2257 1319 potuit,
2328 1255 2401 1297 ac
2466 1235 2576 1295 ‹le-

1074 1343 1273 1428 nique
1318 1339 1495 1424 quod
1541 1339 1780 1401 multos
1816 1338 1889 1401 ,ei
1932 1338 2213 1414 Marios,
2266 1337 2577 1398 nimirum

1072 1445 1350 1507 multum
1380 1440 1739 1528 'popularis
1795 1459 1988 1502 aurae
2033 1438 2247 1502 inesse
2293 1434 2574 1501 videret.

1074 1547 1236 1630 Ejus
1294 1556 1474 1607 metu
1514 1546 1727 1606 Roma
1779 1540 2118 1625 profectus
2170 1537 2345 1625 apud
2385 1537 2578 1600 Nico·

1026 1638 1337 1713 ‘medem
1395 1644 1739 1726 Bithyniae
1797 1662 2028 1726 regem
2084 1661 2217 1703 non
2275 1640 2414 1702 sine
2468 1661 2577 1702 ru·

1072 1768 1293 1825 more,
1340 1760 1409 1810 ut
1458 1746 1548 1810 ait
1590 1744 1975 1821 Suetonius,
2021 1755 2384 1826 prostratae
2425 1739 2576 1822 regi

1070 1848 1423 1934 pudicitiae
1516 1846 1791 1910 desedit.
1920 1847 2233 1928 Magnum
2317 1842 2573 1925 juvenis

1070 1949 1357 2035 prompti
1392 1962 1464 2013 et
1498 1947 1809 2032 intrepidi
1850 1946 2048 2009 animi
2083 1944 2419 2031 specimen
2463 1943 2576 2007 de-

1070 2045 1203 2129 dit,
1284 2072 1433 2113 cum
1493 2063 1715 2137 captus
1775 2072 1812 2113 a
1869 2046 2095 2134 piratis
2162 2066 2237 2109 ac
2301 2047 2577 2130 pecunia

1067 2152 1449 2236 redemptus
1522 2164 1892 2235 comparata
1972 2143 2286 2213 celeriter
2362 2148 2572 2211 classe

1069 2275 1186 2318 eos
1242 2276 1326 2318 ex
1381 2254 1739 2338 improviso
1800 2252 2064 2316 adortus
2119 2261 2255 2326 est,
2322 2263 2573 2331 captos-

1069 2377 1201 2460 que,
1242 2357 1311 2417 in
1358 2376 1624 2421 crucem
1681 2354 1816 2438 egit
1856 2352 1942 2437 b).
2016 2338 2291 2416 Romam
2343 2371 2573 2414 rever-

1068 2480 1176 2522 sus
1220 2458 1499 2542 primum
1543 2457 1840 2521 tribunus
1883 2455 2160 2517 militum
2204 2453 2437 2538 populi
2481 2452 2572 2516 fa-

1068 2580 1228 2623 vore
1296 2573 1582 2636 creatus,
1647 2558 1800 2621 dein
1857 2569 2163 2641 quaestor
2220 2555 2289 2616 in
2340 2554 2572 2639 Hispa-

1068 2663 1239 2727 niam
1296 2661 1633 2746 profectus
1679 2659 1967 2722 Gadibus
2018 2669 2372 2739 conspecto
2416 2656 2573 2719 Ale·

1068 2765 1293 2829 xandri
1345 2766 1438 2827 M.
1486 2762 1673 2846 signo
1716 2775 1902 2824 notas
1944 2759 2124 2834 illas,
2187 2771 2380 2841 atque
2437 2778 2566 2820 am-

1061 2867 1331 2930 bitiosas
1386 2864 1686 2929 lacrimas
1738 2862 1942 2929 flevit.
2017 2860 2253 2922 Redux
2307 2873 2567 2923 creatus

1065 2968 1293 3033 aedilis
1323 2968 1640 3052 populum
1667 2965 1790 3029 sibi
1812 2964 2120 3028 ludorum
2147 2960 2565 3046 magnificen-

1061 3072 1150 3134 tia
1185 3070 1532 3137 demeruit.
2441 3098 2460 3107 ‘

1190 3175 1273 3242 V.
1311 3174 1382 3237 C.
1420 3172 1538 3252 bqi
1580 3172 1662 3237 A.
1697 3171 1779 3235 Χ.
1816 3169 1922 3236 63.
1970 3170 2073 3233 M.
2120 3168 2338 3231 vallio
2384 3167 2564 3230 Cice-

1064 3298 1256 3352 rone,
1320 3277 1388 3338 C.
1428 3274 1737 3336 Antonio
1790 3293 1921 3334 cos.
1975 3283 2236 3333 mortuo
2281 3268 2562 3331 Metello

1066 3377 1187 3439 Pio
1222 3375 1460 3439 dicitur
1488 3371 1787 3457 pontifex
1817 3371 2131 3435 maximus
2168 3368 2453 3454 profusis
2493 3368 2564 3431 in

1061 3480 1378 3566 populum
1411 3473 1896 3560 largitionibus,
1949 3494 2101 3536 cum·
2129 3470 2565 3557 praedixisset

1065 3579 1289 3658 matri,
1340 3599 1469 3663 qno
1516 3578 1623 3641 die
1668 3575 1749 3640 ad
1789 3575 2051 3641 comitia
2091 3572 2557 3638 descenderat:

1064 3684 1261 3745 lzodie
1290 3680 1526 3766 filium
1572 3692 1693 3742 aut
1733 3677 2116 3764 ponttficem
2159 3679 2556 3751 maximum,

1065 3796 1188 3845 aut
1230 3784 1493 3846 exulem
1535 3782 1787 3844 videbis
1829 3782 1909 3862 0).
1964 3778 2119 3842 Fuit
2168 3790 2385 3842 autem
2429 3776 2557 3860 jam

1067 3898 1213 3949 ante
1249 3884 1318 3946 in
1346 3882 1729 3969 pontificum
1775 3881 2147 3965 conlegium
2196 3893 2556 3965 cooptatus,

1065 4008 1221 4075 cum·
1249 3985 1319 4048 in
1348 3982 1794 4048 Asia‘abesset
1824 3983 1912 4068 d),
2425 4065 2428 4069 ¹

1188 4090 1271 4156 V.
1304 4088 1376 4151 C.
1405 4087 1525 4168 692
1564 4087 1645 4153 A.
1678 4088 1759 4153 X.
1790 4088 1895 4151 bs.
1944 4082 2032 4148 D.
2065 4082 2262 4147 Iunio
2302 4082 2554 4159 SiIanO,

1062 4193 1145 4259 L.
1175 4186 1445 4256 Licinio
1471 4191 1762 4253 Murena
1791 4211 1924 4253 cos.
1955 4199 2223 4272 praetor
2247 4184 2552 4248 urbanus.

1062 4299 1167 4358 Ex
1218 4306 1523 4378 praetura
1578 4289 1975 4377 proconsule
2002 4288 2101 4351 in
2145 4287 2553 4352 'Lusitani-am

1063 4398 1227 4474 abit,
1271 4396 1515 4481 ibique.

2814 729 2899 797 V.
2929 727 3003 795 C.
3037 725 3160 809 6q3
3197 726 3279 793 A.
3303 725 3386 792 X.
3422 721 3497 789 61
3538 726 3644 793 M.
3691 730 3906 813 Pupio
3945 736 4191 797 Pisone

2698 830 3147 911 Calpurniano
3164 873 3181 905 ,
3227 829 3335 893 M.
3368 821 3643 893 Valerio
3680 831 4015 898 Messalla
4053 856 4190 901 cos.

2690 929 2981 1009 domitis,
3033 950 3197 1015 quos
3242 928 3507 1014 quidem
3549 950 3685 993 non
3735 934 4019 1018 reperit,
4073 935 4199 999 sed

2687 1053 2813 1116 per
2854 1032 3270 1116 cupiditatem
3313 1030 3629 1114 triumphi
3670 1045 3737 1095 et
3772 1033 4056 1118 praedae
4092 1037 4194 1100 fe.

2687 1133 2810 1210 cit,
2860 1133 3149 1194 hostibus
3191 1133 3427 1195 dicitur
3459 1132 3819 1215 imperator
3851 1152 3928 1213 Θ).

2814 1237 2897 1302 V.
2936 1235 3005 1298 c,
3045 1234 3167 1315 694
3203 1233 3283 1298 A.
3320 1236 3403 1298 x.
3439 1236 3550 1299 (20.
3606 1237 3684 1297 L.
3723 1220 4052 1320 Afranio,
4109 1244 4192 1326 ρ.

2696 1338 2988 1399 Caecilio
3042 1336 3324 1397 Metello
3386 1337 3611 1399 Celere
3657 1357 3790 1403 cos.
3840 1339 3909 1399 in
3956 1339 4194 1404 urbem
4265 1351 4270 1354 ’

2688 1436 2770 1499 ad
2798 1436 3058 1501 comitia
3086 1454 3393 1500 reversus
3426 1436 3619 1498 simul
3652 1438 4072 1523 triumphum,
4108 1447 4195 1506 si·

2691 1539 2828 1600 mul
2864 1537 3270 1600 consulatum
3307 1537 3503 1621 petit,
3548 1536 3726 1621 quod
3758 1559 3906 1601 cum
3942 1557 4210 1607 utrum·—

2691 1661 2817 1724 que
2856 1639 3156 1703 obtinere
3190 1660 3323 1702 non
3355 1652 3581 1724 posset
3612 1642 3774 1720 (non
3809 1642 4015 1721 enim,
4061 1647 4195 1707 nisi

2689 1762 3001 1826 praesens
3044 1753 3252 1818 esset,
3295 1740 3673 1805 candidatus
3709 1760 3854 1806 esse
3892 1749 4196 1810 consula-

2689 1857 2795 1907 tus
2828 1842 3060 1926 potuit,
3092 1856 3160 1904 et
3192 1842 3248 1905 si
3273 1841 3506 1904 urbem
3534 1829 3822 1926 privatus
3848 1844 4189 1929 ingressus

2690 1958 2898 2021 esset,
2935 1955 3166 2027 postea
3198 1963 3281 2006 ex
3312 1945 3467 2027 lege
3500 1944 3902 2029 triumphare
3939 1969 4071 2012 non
4109 1951 4195 2012 li·

2685 2047 2882 2123 cuit),
2931 2043 3151 2129 abjicit
3191 2046 3622 2130 triumphum,
3669 2061 4059 2136 creatusque
4112 2052 4192 2114 in

2685 2170 2944 2213 anunm.
3989 2196 3992 2199 ι

2811 2251 2987 2329 KRC.
3014 2249 3138 2331 695
3168 2249 3250 2314 A.
3268 2249 3348 2309 Χ.
3380 2251 3483 2331 59.
3510 2253 3746 2313 consul
3764 2252 4040 2334 conlega
4073 2255 4184 2316 M.

2686 2352 2956 2429 Bibulo,
2989 2352 3210 2435 legem
3243 2352 3562 2435 agrariam
3593 2372 3716 2436 per
3742 2353 3870 2417 vim
3901 2352 4186 2437 perfert,

2683 2451 3067 2538 obtinetque
3106 2476 3143 2517 a
3190 2467 3417 2516 senatu
3454 2454 3820 2537 Illyricum,
3874 2454 4186 2517 Galliam·

2683 2574 2813 2638 que
2848 2555 3224 2618 citeriorem
3261 2567 3329 2616 et
3361 2554 3747 2619 ulteriorem
3781 2559 4184 2639 proconsule

2684 2656 2753 2716 in
2816 2655 3367 2742 quinquennium,
3441 2678 3572 2740 quo
3638 2660 3861 2742 elapso
3922 2658 4183 2741 adjutus

2683 2777 2883 2842 opera
2914 2758 3030 2821 Cn.
3049 2756 3355 2840 Pompeji
3382 2760 3504 2834 M„
3539 2771 3605 2821 et
3632 2762 3724 2826 M.
3750 2760 3970 2823 Crassi
3997 2761 4183 2825 aliud

2681 2860 2806 2922 sibi
2850 2859 3358 2944 quinquennium
3404 2872 3776 2943 extorquet.
3837 2862 3997 2945 Ejus
4048 2883 4180 2946 per

2677 2960 2806 3024 hoc
2850 2975 3105 3045 tempus
3151 2961 3463 3024 victoriae
3506 2961 3588 3023 de
3624 2962 3954 3040 Helvetis,
4010 2964 4181 3027 Ger-

2673 3062 2920 3138 manis,
2964 3062 3206 3140 Gallis,
3251 3062 3578 3125 Britannis
3619 3065 3941 3147 cognitae.

2808 3166 2892 3232 V.
2927 3165 2998 3226 C.
3028 3166 3155 3247 705
3193 3167 3272 3228 A.
3304 3166 3381 3225 X.
3414 3175 3517 3246 49.
3560 3166 3630 3229 C.
3669 3166 3950 3228 Claudio
3988 3168 4181 3227 Mor-

2669 3265 2843 3328 cello
2884 3267 2977 3330 II.
3025 3268 3112 3331 L.
3155 3267 3461 3330 Cornelio
3506 3267 3796 3329 Lentulo
3848 3287 3980 3333 cos.
4031 3266 4180 3329 bel-

2675 3367 2813 3429 lum
2849 3368 3041 3431 civile
3075 3388 3222 3429 cum
3249 3366 3569 3450 Pompejo
3598 3381 3928 3452 coeptum.
3964 3371 4175 3432 Tran-

2673 3469 2801 3530 sito
2849 3468 3229 3546 Rubicone,
3291 3470 3740 3554 Pompejoque
3797 3489 3946 3532 cum
3999 3472 4174 3533 Mar-

2672 3571 2847 3634 cello
2893 3583 2961 3632 et
3003 3569 3289 3633 Lentulo
3333 3590 3469 3635 cos.
3513 3573 3582 3633 in
3624 3571 3966 3636 Graeciam
4015 3593 4172 3656 pro·

2666 3672 2830 3757 fugo
2870 3674 3145 3735 Romam
3192 3672 3353 3750 adit,
3406 3686 3472 3736 et
3515 3673 3837 3737 aerarium
3886 3672 4168 3756 perfrin-

2673 3777 2786 3861 git.
2861 3774 3022 3837 Inde
3080 3774 3148 3835 in
3209 3775 3586 3858 Hispaniam
3642 3775 3980 3860 profectus
4041 3777 4166 3838 Pe-

2670 3876 2910 3939 treium
2965 3889 3035 3939 et
3089 3874 3427 3939 Afranium
3472 3878 4012 3963 Pompejanarum
4069 3880 4168 3941 le·

2673 3978 2941 4063 gionum
2978 3978 3209 4055 duces,
3254 3992 3327 4042 ut
3365 3980 3530 4040 nihil
3573 4002 3610 4043 a
3652 3992 3843 4064 tergo
3883 3980 4165 4043 intutum
4235 4041 4256 4051 ,

2669 4076 2978 4159 haberet,
3051 4081 3133 4144 ad
3202 4081 3603 4144 deditionem
3673 4081 3852 4165 cogit
3914 4081 4019 4143 die
4077 4084 4160 4146 ΙΙ.

2657 4183 2935 4247 Sextilis
2974 4181 3062 4266 ἲ),
3109 4197 3602 4268 expugnataque
3634 4182 3919 4245 Massilia
3949 4184 4014 4244 in
4049 4206 4164 4245 ur·

2665 4285 2816 4347 bem
2863 4286 3066 4364 redit,
3124 4307 3273 4348 cum
3328 4285 3539 4348 adhuc
3589 4285 3823 4348 absens
3880 4284 4162 4350 dictator

2667 4389 3080 4452 comitiorum
3106 4387 3553 4451 habendorum
3577 4374 3780 4452 zcausa
3812 4387 4020 4451 dictas
4055 4410 4163 4451 es·

1139 4693 1201 4803 a')
1239 4728 1390 4787 Plut.
1420 4730 1483 4784 in
1512 4726 1689 4786 caes.
1824 4724 1901 4797 b>
1940 4723 2180 4781 sueton.
2211 4721 2363 4779 Plut.

1067 4823 1128 4893 e)
1166 4816 1463 4877 Plutarch.
1608 4818 1663 4888 s>
1704 4815 1830 4874 Kal.
1860 4833 2065 4873 marm.
2099 4815 2355 4892 Capran.

2512 4722 2575 4793 c)
2613 4686 3003 4780 Plutarchsin
3042 4722 3208 4779 Caes.

3359 4721 3429 4791 d)
3465 4719 3728 4780 Velleius
3762 4722 3828 4779 L.
3857 4724 3929 4781 11.
3975 4743 4026 4781 c.
4061 4736 4158 4792 43.
