4509 5584
990 590 1144 657 252

986 707 1111 808 ᾗ.
1130 730 1513 820 KAATAI.
1544 728 1802 798 ΚΑῙΣ.
1834 725 2488 799 ΣΕΒΑ.ΓΕΡΜΑ-

986 840 1113 905 Νι.
1149 833 1547 902 ATTOKP.
1576 836 1657 897 L.
1696 833 1779 896 A.
1811 831 1888 896 Β.
1925 831 2006 898 Γ.
2039 832 2120 902 Δ.
2150 834 2229 897 Ε.
2259 861 2322 910 ς.
2365 837 2488 900 ea-

880 959 889 968 *
977 954 1106 1025 put
1161 941 1435 1005 Claudii
1499 939 1904 1002 laureatum.
1984 936 2127 1001 AR·
2175 935 2363 1000 mini
2434 941 2486 1004 1·

980 1044 1275 1127 (Roget,
1324 1042 1496 1103 Mus.
1520 1040 1712 1104 Caes.
1743 1034 2014 1114 Stosch,
2055 1037 2446 1122 Theopoli.)

1056 1231 1061 1238 ἢ
1107 1147 1185 1207 In
1212 1140 1512 1206 omuibus
1550 1141 1655 1204 hi·
1687 1140 1900 1203 numia
1919 1183 1939 1217 ,
1976 1140 2088 1226 qui
2119 1143 2201 1205 ad
2233 1154 2492 1205 sextum

985 1265 1195 1331 usqne
1226 1244 1483 1309 Claudii
1529 1262 1766 1307 anunm
1798 1242 2234 1307 Alexandriae
2283 1244 2495 1328 signa-

987 1349 1039 1410 ti
1081 1359 1265 1423 sunt,
1320 1343 1712 1409 Messalinae
1757 1339 2084 1420 Σάβας-ης,
2129 1350 2492 1428 Augustae

985 1449 1215 1511 titulus
1271 1460 1570 1531 negatur.
1669 1445 2023 1510 Praeclare
2070 1446 2197 1509 hoc
2253 1443 2492 1509 confir·

984 1565 1199 1614 matur
1240 1549 1562 1613 sententia
1597 1547 1864 1622 Dionis,
1926 1545 2039 1631 qui
2078 1546 2163 1609 ad
2206 1547 2488 1610 alterum

980 1650 1242 1717 Claudii
1313 1670 1554 1714 annum
1611 1647 1956 1732 perhibet,
2021 1667 2156 1711 non
2224 1667 2488 1733 passum

988 1754 1192 1819 fuisse
1253 1751 1625 1828 Claudium,
1704 1749 2096 1815 Messalinae
2160 1751 2487 1815 honorem

980 1859 1345 1940 Augustae
1399 1852 1656 1917 deferri
1701 1854 1784 1935 ⁸).
1862 1852 2062 1916 Numi
2101 1864 2488 1938 praesentes

975 1979 1127 2023 eam
1182 1969 1434 2020 tantum
1498 1958 1812 2020 Caesaris
1847 1957 2156 2037 Augusti
2210 1971 2491 2018 uxorem

981 2058 1333 2144 appellant.
1438 2055 1575 2120 Sed
1653 2056 1723 2117 in
1799 2056 2133 2141 Augustae
2226 2058 2489 2118 titulum

985 2160 1405 2223 Messalinam
1462 2156 1673 2220 serius
1733 2157 2059 2221 involasse
2124 2178 2208 2220 ex
2253 2157 2487 2234 numis,

986 2283 1150 2348 quos
1201 2261 1508 2323 continuo
1562 2259 2015 2337 recitabimus,
2075 2261 2289 2343 palam
2335 2259 2486 2332 fiet,

981 2363 1156 2447 quod
1192 2375 1408 2426 tamen
1446 2361 1689 2426 reticet
1714 2361 1880 2438 Dio,
1948 2361 2074 2424 etsi
2109 2361 2319 2423 serius
2360 2371 2489 2423 tra·

985 2465 1097 2529 dat
1139 2463 1204 2545 ¹⁵³)
1230 2510 1248 2542 ,
1316 2466 1382 2528 ei
1424 2466 1706 2548 primum
1770 2462 1836 2523 in
1882 2481 2197 2525 consessu
2240 2462 2484 2539 locum,

981 2580 1056 2630 ut
1087 2566 1317 2633 Liviae
1366 2564 1731 2652 quondam,
1782 2578 1986 2648 utque
2026 2576 2341 2647 carpento
2373 2582 2486 2627 ve-

979 2668 1292 2742 heretur',
1369 2667 1733 2731 decretum.
1845 2667 1936 2729 At
2006 2665 2183 2728 enim
2259 2663 2482 2726 multis

977 2770 1269 2856 partibus
1313 2788 1576 2832 mancus
1632 2767 1740 2830 hic
1767 2764 2002 2829 Dionis
2032 2766 2205 2829 liber
2250 2764 2482 2830 ad'nos

978 2872 1300 2958 pervenit.
1378 2870 1500 2932 Est
1529 2870 1743 2930 numis
1777 2867 2048 2931 testibus
2072 2869 2241 2932 haec
2270 2870 2481 2952 prima

978 2978 1330 3039 Caesarum
1354 2991 1546 3049 uxor,
1579 2970 1686 3033 cui
1709 2972 2036 3053 Augustae
2070 2969 2295 3033 titulus
2331 2971 2479 3036 vivo

840 3078 848 3084 ’
980 3075 1217 3140 marito
1254 3072 1378 3136 fuit
1405 3065 1762 3157 appositus.

1104 3175 1220 3254 Ad,
1244 3189 1468 3260 typum
1496 3173 1675 3258 quod
1703 3173 1955 3248 attinet,
1985 3172 2266 3237 infantes
2291 3171 2477 3249 duos,

978 3297 1145 3363 quos
1187 3276 1540 3339 Messalina
1599 3294 1793 3338 mann
1848 3274 1917 3335 in
1976 3275 2480 3338 ostentationem

979 3379 1302 3464 porrigit,
1358 3375 1666 3459 plerique
1711 3386 1997 3438 statuunt
2039 3376 2181 3459 ejus
2225 3373 2477 3438 liberos

973 3480 1420 3543 Britannicum
1499 3488 1653 3537 natu
1713 3477 2065 3560 majorem,
2146 3489 2214 3539 et
2275 3474 2474 3539 Octa-

976 3557 1165 3645 viam.
1257 3577 1392 3641 Sed
1449 3576 1604 3639 hnic
1661 3578 2025 3642 sententiae
2086 3576 2482 3660 repugnabit

975 3701 1210 3745 numus
1265 3677 1620 3760 inscriptus
1676 3677 1756 3742 L.
1795 3678 1875 3742 Δ.
1915 3718 1935 3752 ,
2014 3696 2212 3763 quem
2275 3677 2483 3742 edidit

978 3786 1281 3866 Begerus
1313 3782 1395 3861 ο).
1489 3777 1743 3839 Claudii
1787 3798 1990 3842 annus
2025 3780 2077 3843 1.
2121 3779 2482 3841 secundum

984 3880 1584 3945 Alexandrinorum
1671 3879 1996 3944 calculum
2082 3879 2283 3943 exivit
2369 3879 2477 3944 die

979 3985 1210 4050 xxm.
1246 3983 1525 4066 Augusti
1567 3983 1647 4048 V.
1683 3981 1775 4043 C.·
1801 3990 1965 4062 794,
2030 4000 2160 4066 qno
2202 3981 2344 4062 ipso
2375 4001 2481 4044 an·

978 4106 1075 4151 ne
1112 4075 1471 4151 secundum
1516 4082 2047 4148 verisimiliorem
2088 4082 2478 4146 sententiam

977 4201 1163 4253 natus
1207 4200 1309 4253 est
1348 4187 1762 4251 Britannicus
1813 4203 2040 4252 mense
2089 4184 2474 4262 Februario,

976 4304 1051 4353 ut
1106 4288 1273 4352 infra
1336 4288 1405 4352 in
1458 4291 1652 4374 hujus
1722 4288 1854 4351 vita
1910 4284 2189 4350 docebo.
2285 4286 2475 4372 Ergo

980 4412 1130 4456 cum
1189 4402 1337 4453 nata
1391 4404 1527 4453 tum
1584 4388 1876 4453 nondum
1934 4384 2137 4452 fuerit
2179 4387 2473 4463 Octavia,

978 4511 1195 4578 neque
1256 4492 1468 4574 potuit
1526 4493 1665 4555 sisti
1723 4491 1792 4553 in
1844 4509 2065 4558 numo,
2156 4487 2355 4582 Quod
2397 4490 2471 4567 si,

980 4607 1055 4659 ut
1110 4592 1481 4657 existimant
1541 4592 1771 4678 aliqui,
1834 4589 2245 4657 Britannicus
2288 4603 2472 4655 natus

1048 4802 1120 4874 a>
1161 4801 1227 4855 L.
1248 4796 1365 4855 LX.
1390 4799 1449 4868 §-
1476 4809 1561 4859 ια.
1696 4795 1779 4869 b>
1819 4797 1930 4857 ιο.
1970 4803 2127 4870 §.22

2027 560 2500 638 VXORES
2579 562 3090 638 CLAVDII.

2605 746 2705 797 est
2750 753 2877 795 uno
2921 752 3091 796 anno
3135 731 3385 811 serius,
3470 751 3710 818 nempe
3752 735 3880 819 795
3921 747 4122 819 patet,

2603 855 2823 920 neque
2897 835 3093 898 etiam
3150 834 3599 899 Britannicum
3677 836 3970 921 potuisse
4044 838 4113 900 in

2605 957 2807 1000 numo
2852 936 3004 1000 anni
3049 940 3096 1002 1.
3117 1003 3130 1012 ,
3159 936 3463 1023 proponi.
3538 937 3611 1000 Si
3657 957 3823 1024 ergo
3864 937 4005 1001 bini
4051 938 4124 1002 hi

2606 1038 2889 1103 infantes
2922 1060 3083 1105 vere
3124 1052 3272 1104 sunt
3296 1038 3686 1105 Messalinae
3717 1039 3953 1120 liberi,
4007 1061 4121 1105 ne·

2609 1161 2797 1206 cesse
2839 1155 2979 1220 est,
3023 1142 3261 1205 horum
3289 1161 3425 1205 nno
3460 1155 3571 1206 aut
3613 1141 4114 1228 intelligendam

2608 1243 2798 1307 aliam
2830 1245 3220 1307 Messalinae
3249 1244 3509 1329 prolem
3544 1244 3728 1326 prius
3764 1258 4009 1324 natam,
4052 1259 4124 1309 et

2610 1346 2884 1409 subinde
2924 1359 3283 1425 mortuam,
3341 1362 3452 1411 aut
3476 1370 3513 1411 a
3552 1350 3822 1431 Begero
3856 1348 4115 1411 sinistre

2607 1469 2844 1510 annum
2878 1467 2961 1511 ex
2990 1469 3189 1511 numo
3234 1462 3585 1532 exceptum
3624 1448 3912 1532 legendo
3944 1449 4115 1514 forte

2606 1551 2680 1610 L.
2729 1553 2818 1615 A.
2866 1569 2990 1634 pro
3040 1551 3117 1612 1..
3166 1547 3262 1628 Δ,
3344 1564 3417 1613 ut
3478 1571 3632 1614 sane
3673 1552 4118 1636 Begeriannm

2601 1651 2776 1715 bunc
2835 1672 3074 1715 annum
3144 1653 3215 1714 in
3274 1651 3460 1716 nullo
3520 1653 3651 1717 alio
3710 1653 4105 1720 Messalinae

2604 1771 2803 1817 numo
2831 1775 2868 1817 a
2908 1753 3217 1841 quopiam
3249 1754 3598 1820 recitatum
3632 1756 3879 1841 reperi.

3139 1969 3184 2005 a
3354 1923 3393 1960 ³*
3561 1969 3603 2008 s

2800 2055 3011 2121 ΘΕΑ.
3051 2052 3548 2138 ΣΕΒΑΣΤῙ-Ι,
3603 2061 3714 2124 vel
3756 2056 4119 2124 OTAAE-

2799 2156 2972 2220 PIA.
2992 2153 3613 2223 ΜΕΣΣΑΛΙΝΑ.
3627 2155 4112 2223 ΣΕΒΑΣΤΗ.

2797 2259 3016 2343 Hujus
3040 2276 3264 2345 caput.
4079 2267 4084 2271 ’

2602 2357 3014 2442 Epc‘graphe,
3052 2378 3117 2424 ee
3149 2377 3353 2446 caput
3391 2365 3686 2431 Claudii.
3727 2363 3871 2430 ΔΕ.
3892 2365 3973 2427 11.
4008 2365 4118 2427 vel

2601 2460 2711 2524 111.
2746 2461 2994 2541 (Vaill.,
3015 2463 3338 2546 Morelli.)
3671 2487 3688 2506 ⁸

2729 2562 2895 2626 Sunt
2926 2563 2995 2625 hi
3027 2566 3206 2627 numi
3241 2564 3502 2629 urbium
3537 2566 3858 2635 Graeciae
3890 2571 4103 2636 incer·

2599 2674 2830 2728 tarum.

2795 2758 3481 2835 ΜΕΣΣΑΛΕῙΝΑ.
3615 2767 4102 2838 ΣΕΒΑΣΤΗ.

2794 2861 3017 2958 NEA.
3054 2866 3268 2934 HPA.
3322 2871 3543 2951 Hujus
3577 2889 3813 2958 eaput,
3872 2877 3962 2937 ad
3995 2897 4105 2939 cu·

2637 2981 2648 2986 ·
2788 2970 2900 3047 jus
2921 2982 3159 3050 pectus
3192 2973 3366 3034 duae
3400 2977 3646 3056 spicae.

2597 3065 2679 3133 Γ.
2724 3064 3101 3132 ΚΑΔΙΟΣ.
3170 3066 3585 3136 ΡΟΤΦΟΣ.
3657 3070 4100 3139 ΑΝΘΤΠΑ-

2597 3163 2813 3234 ΤΟΣ.
2878 3166 3414 3234 ΝΕΙΚΑΕΩΝ.
3478 3178 3782 3240 Porticus
3856 3177 3995 3237 ΑΕ.
4046 3180 4094 3237 1.

2596 3269 2951 3348 (Vaillant,
3014 3274 3377 3337 correctius
3431 3276 3727 3340 Pellerin
3775 3279 3941 3342 Rec.
3989 3281 4102 3341 111.

2594 3390 2662 3455 p.
2699 3374 2872 3454 227.)
3793 3371 3802 3384 '

2724 3473 2891 3536 Esse
2916 3453 3110 3538 ‘hunc
3155 3496 3420 3539 numum
3454 3478 3644 3561 hujus
3683 3478 4094 3555 Messalinae,

2595 3588 2986 3657 argumento
3030 3589 3161 3656 est,
3201 3578 3378 3664 quod
3417 3580 3819 3643 Pellerinius
3857 3580 4097 3644 eodem

2595 3675 2749 3739 loco
2804 3676 3038 3755 alium,
3101 3678 3246 3742 solo
3290 3679 3543 3744 Claudii
3601 3684 3811 3766 capite
3880 3680 4097 3747 diver·

2595 3799 2741 3840 sum
2777 3778 3107 3864 proponit.
3165 3782 3269 3844 De
3309 3783 3687 3867 magistratu
3719 3783 3924 3847 Cadio
3960 3787 4096 3869 egi-

2598 3900 2742 3943 mus
2810 3880 2877 3942 in
2939 3881 3149 3944 numia
3213 3884 3514 3949 Nicaeae.
3566 3888 3828 3949 Titulus
3871 3883 4090 3951 NEA.

2595 3977 2819 4057 HPA‘,
2874 4003 3044 4046 nova
3088 3985 3295 4059 Iuno,
3353 4005 3486 4049 non
3517 4006 3757 4051 novum
3796 4000 3900 4051 est
3941 3987 4093 4055 adn-

2593 4082 2854 4149 lationis
2883 4100 3364 4170 argumentum.

3093 4295 3141 4336 ss·
3310 4252 3348 4292 ³*
3522 4303 3562 4341 ff

2879 4382 3290 4458 VALEmA.
3319 4391 3846 4459 MESSALINA.
3875 4394 4081 4463 Ave.

2863 4491 3500 4558 CYTHERONTE.
3574 4497 3809 4568 nvm.
3872 4497 4090 4576 Hujus

2873 4608 3093 4675 caput.

2279 4799 2341 4871 c)
2379 4797 2560 4856 Thes.
2589 4799 2685 4856 ΒΓ.
2713 4798 2783 4858 Τ.
2805 4797 2876 4859 11.
2909 4818 2968 4877 p.
2988 4802 3113 4873 619.
