4509 5584
1710 492 2065 573 LIVIA.

338 691 481 737 cum
523 680 673 735 orto
713 667 893 751 juxta
933 678 1076 726 eam
1121 658 1427 724 incendio
1474 659 1832 726 intervenit

334 774 507 856 ipsa,
574 770 1018 855 populumque
1069 765 1322 826 hortata
1370 773 1472 826 est
1521 782 1651 848 quo
1694 758 1831 826 eni-

334 874 480 938 xius
515 892 711 957 opem
742 872 957 934 ferret
985 868 1066 948 ⁸),

458 973 711 1068 Quaeri
759 983 1126 1056 opportune
1182 962 1291 1027 hic
1341 976 1595 1048 potest,
1657 963 1825 1028 sitne

329 1094 568 1141 revera
632 1075 701 1135 in
749 1071 878 1135 hoc
936 1076 1137 1132 num‘o
1189 1079 1381 1155 caput
1432 1065 1660 1132 Liviae
1705 1065 1829 1129 sub

327 1176 491 1240 deae
531 1172 803 1238 Pietatis
844 1168 1065 1233 habitu
1105 1168 1548 1252 propositum,
1586 1182 1660 1230 ut
1695 1168 1830 1232 exi.

329 1276 615 1342 stimavit
705 1275 1194 1353 flavet-campus
1304 1270 1825 1333 commentator?

321 1380 530 1443 Forte
564 1377 739 1440 istud
772 1372 1000 1459 negari
1036 1390 1165 1432 non
1200 1369 1429 1453 possit.
1502 1370 1667 1431 Nam
1703 1369 1827 1432 etsi

321 1480 445 1545 hac
522 1493 734 1543 aetate
826 1474 1219 1560 permissum
1302 1468 1594 1533 nondum
1659 1468 1818 1548 fluit,

323 1580 623 1669 mulieris
671 1579 888 1656 vivae,
946 1576 1071 1639 etsi
1104 1575 1475 1656 Augustae,
1527 1569 1821 1656 effigiem

321 1682 534 1747 numis
583 1679 920 1744 commatis
965 1675 1243 1738 Romani
1281 1673 1568 1750 inferre,
1618 1673 1821 1738 licue-

322 1785 415 1850 rit
474 1799 728 1861 tamen,
791 1802 938 1847 eam
1000 1779 1162 1843 (leae
1217 1776 1482 1839 nomine
1539 1776 1819 1839 velatam

329 1904 729 1974 proponere.
796 1883 962 1945 Sunt
1000 1880 1222 1959 etiam,
1271 1878 1383 1962 qui
1413 1876 1820 1954 existiment,

327 1990 541 2073 capite
596 1984 940 2062 muliebri,
1009 1983 1185 2066 quod
1235 1992 1445 2041 exstat
1488 1978 1558 2040 in
1611 1978 1822 2043 obviis

336 2089 597 2159 Tiberii
651 2086 875 2152 aeneis
944 2085 1354 2158 Ilpformae,
1413 2081 1595 2165 juxta
1650 2076 1829 2164 quod

337 2191 687 2274 scriptum:
724 2186 1059 2250 PIETAS.
1085 2183 1290 2250 AVG.
1325 2183 1467 2246 vel:
1525 2181 1824 2249 SALVS.

336 2295 580 2371 AVG„
649 2291 762 2369 γει
821 2287 1243 2362 IVSTITIA,
1319 2282 1613 2365 ejusdem
1687 2279 1828 2345 sisti

328 2394 568 2460 Liviae
600 2367 972 2475 imaginem.
1036 2386 1213 2448 Istud
1259 2398 1548 2461 certum,
1594 2383 1827 2448 eadem

338 2516 491 2560 esse
554 2494 623 2557 in
690 2494 792 2556 his
866 2487 1184 2572 capitibus
1224 2489 1363 2550 oris
1415 2485 1829 2562 lineamenta,

340 2597 474 2674 sic,
534 2608 608 2658 ut
656 2607 765 2657 aut
810 2593 878 2654 in
926 2589 1224 2654 omnibus
1280 2607 1555 2651 necesse
1597 2587 1681 2648 sit
1728 2606 1832 2649 re-

338 2698 510 2764 ferri
557 2695 845 2768 Liviam,
890 2707 1001 2755 aut
1044 2691 1112 2753 in
1161 2689 1367 2753 nullo„
1459 2686 1693 2751 Obstat
1742 2701 1835 2750 ta·

336 2819 495 2864 meu
549 2796 705 2860 huic
760 2793 1040 2877 judicio,
1121 2788 1298 2876 quod
1357 2803 1550 2873 caput
1602 2789 1673 2851 in
1729 2788 1834 2853 his

334 2899 552 2964 numia
589 2897 857 2963 nonnisi
899 2893 1246 2975 mulierem
1303 2890 1560 2956 mediae
1604 2889 1830 2952 aetatis

336 3000 586 3085 arguit,
649 2998 936 3061 omnium
996 2993 1263 3057 minime
1311 2992 1829 3074 octogenariam,

331 3123 527 3192 quam
588 3102 701 3165 illa
759 3112 1039 3163 aetatem
1109 3094 1283 3159 circa
1335 3093 1510 3157 istud
1570 3107 1830 3175 tempus

329 3204 514 3280 tulit,
572 3208 702 3288 quo
751 3202 823 3262 hi
857 3197 1037 3260 numi
1081 3196 1318 3281 signati
1363 3207 1533 3262 sunt.
1608 3193 1830 3257 Litem

326 3306 528 3369 facile
606 3304 952 3368 decideret
1020 3319 1277 3383 gemma
1352 3312 1580 3374 vetus,
1659 3315 1828 3381 quae

326 3408 593 3492 vulgata
648 3417 858 3468 exstat
902 3400 978 3463 in
1023 3405 1256 3465 Museo
1309 3396 1696 3463 Florentino
1742 3395 1832 3479 b),

323 3507 399 3572 in
450 3529 576 3593 qua
624 3505 801 3589 juxta
847 3517 1038 3589 caput
1084 3502 1484 3567 simillimum
1548 3498 1830 3584 legiturz

330 3613 504 3679 ΗΒ.
539 3608 744 3676 AVG.
769 3648 785 3680 ‚
820 3605 890 3667 id
922 3618 1059 3669 est:
1096 3606 1297 3668 Livia
1327 3606 1671 3683 Augusta,
1702 3600 1857 3662 nisi-

331 3713 405 3779 i‘n
463 3707 933 3777 commentario
1008 3706 1284 3769 adderet
1341 3703 1622 3780 Gor-ius,
1691 3700 1829 3786 epi·

331 3813 636 3900 graphen
699 3810 867 3872 lianc
925 3829 1158 3892 parum
1201 3806 1327 3869 sibi
1373 3804 1699 3889 antiquam
1744 3803 1837 3867 vi·

331 3915 507 3981 deri.
590 3915 863 3976 Rectius
906 3910 1174 3974 fecisset
1228 3907 1332 3973 vir
1385 3906 1719 3984 eruditus,
1778 3904 1835 3967 si

332 4017 534 4104 plane
582 4014 911 4102 antiquam
991 4022 1317 4096 negasset.
1445 4010 1607 4070 Nam
1670 4006 1833 4070 haec

340 4117 588 4184 mulier
629 4136 777 4179 cum
807 4115 1075 4176 nomine
1123 4110 1352 4174 Liviae
1388 4127 1715 4191 nunquam
1757 4109 1837 4169 ti·

341 4220 553 4285 tulum
600 4217 934 4300 Augustae
987 4213 1344 4296 conjunxit.

345 4323 523 4408 giem
596 4317 892 4409 nuspiam
951 4317 1266 4380 babemus
1318 4310 1524 4396 magis
1582 4315 1839 4386 verani,

344 4421 684 4510 magisque
766 4421 1180 4505 explicatam,
1261 4437 1452 4501 quam
1510 4412 1578 4473 in
1639 4429 1838 4473 numo

316 4524 646 4596 “coloniae
679 4524 1034 4600 Romulae,
1080 4540 1275 4608 quem
1314 4512 1605 4579 dabimus
1648 4512 1840 4590 infra,

1432 4209 1660 4275 Liviae
1701 4205 1861 4273 effi·.

3255 556 3262 563 ·
3299 518 3454 586 251·

1944 681 2094 725 cum
2132 678 2262 744 quo
2295 657 2526 725 licebit
2572 679 2807 728 numos
2840 662 3042 751 hujus
3069 669 3441 756 argumenti

1944 763 2374 825 contendere.
3116 796 3124 803 ·
3429 826 3434 831 ,

2071 863 2238 925 Cum
2294 881 2530 942 numo,
2586 861 2655 924 in
2697 885 2828 949 quo
2889 888 3065 934 nunc
3108 873 3454 957 explican-

1941 960 2031 1028 do
2110 977 2461 1048 occupatus
2532 963 2631 1026 fui
2701 963 2829 1031 hoc
2904 969 3057 1034 loco
3121 973 3444 1059 jungendi

1943 1064 2056 1129 alii
2099 1063 2328 1128 similis
2366 1065 2765 1150 argumenti,
2809 1067 2924 1131 secl
2972 1091 3010 1134 a
3052 1074 3320 1139 metallo
3343 1077 3444 1140 -il-

1940 1165 2222 1243 lustres,
2283 1186 2447 1249 quos
2510 1165 2658 1250 quia
2713 1169 2926 1250 palam
2969 1174 3227 1254 spurios
3274 1176 3445 1259 judi·

1919 1288 2045 1357 βο,
2079 1266 2365 1330 libenter
2385 1265 2659 1330 fuissem
2691 1285 3093 1353 aspernatus,
3126 1276 3254 1340 nisi
3281 1301 3316 1342 a
3351 1279 3441 1344 vi.

1940 1369 2034 1431 ris
2064 1390 2195 1430 non
2226 1368 2518 1452 vulgaris
2563 1368 2773 1434 famae
2805 1392 2934 1457 pro
2974 1376 3274 1458 genuinis
3296 1378 3439 1443 edi·

1934 1483 2041 1535 tos
2067 1471 2392 1538 viderem.

2216 1570 2557 1638 PIETAS.
2650 1574 2868 1659 caput
2907 1576 3227 1643 muliebre
3266 1582 3443 1646 vela-

2221 1686 2388 1739 tum·

1934 1772 2253 1842 VESTA.
2302 1774 2376 1862 S.
2419 1775 2493 1837 C.
2581 1775 2735 1849 Dcae
2800 1778 3032 1840 sedens
3089 1779 3155 1844 d.
3213 1776 3443 1845 Pallia

1937 1878 2157 1950 dium,
2202 1898 2253 1936 s.
2283 1876 2569 1939 kastam.
2615 1877 2758 1943 AV.
2789 1897 2876 1967 ¹¹¹:
2909 1899 2998 1942 m-
3189 1862 3196 1866 ⁴

2061 1976 2276 2058 Hujus
2332 1977 2597 2058 generis
2665 1977 2805 2041 bini
2867 1993 3017 2042 sunt
3079 1979 3148 2043 in
3208 2003 3439 2049 museo

1943 2075 2304 2154 Caesareo,
2365 2090 2433 2140 et
2489 2077 2666 2161 quod
2708 2080 3078 2163 singulare,
3135 2080 3440 2149 diversae

1941 2177 2232 2271 matricis
2281 2191 2582 2262 uterque.
2650 2182 2723 2241 In
2775 2180 2875 2242 his
2924 2203 3059 2244 non
3105 2184 3445 2248 metallum

1941 2279 2175 2357 modo,
2241 2279 2362 2342 sed
2423 2292 2493 2343 et
2530 2280 2790 2366 pondus
2833 2283 3231 2364 spectabile,
3290 2306 3444 2355 nam

1941 2400 2178 2444 aureos
2271 2394 2594 2444 nostrates
2677 2383 2761 2447 X.
2806 2383 3029 2460 ,etiam
3091 2386 3442 2456 excedunt.

1940 2482 2195 2542 Horum
2224 2482 2598 2566 complures
2637 2483 2702 2544 in
2738 2486 2977 2548 museis
3011 2485 3251 2550 nostris
3285 2488 3441 2564 vidi,

1944 2594 2016 2643 et
2059 2603 2097 2643 a
2145 2584 2364 2645 multis
2414 2581 2735 2668 genuinos
2786 2585 3076 2667 agnitos,
3130 2610 3301 2673 quos
3349 2590 3446 2652 in·

1943 2695 2051 2745 ter
2122 2704 2323 2744 unum
2377 2685 2652 2747 Gorium
2704 2687 3073 2750 nominasse
3143 2689 3443 2767 sufficiat,

1947 2781 2062 2867 qui
2119 2782 2402 2847 similem
2456 2786 2634 2849 inter
2687 2787 3078 2870 conspicuos
3130 2811 3215 2853 ex
3280 2812 3444 2856 auro

1943 2882 2208 2946 maximi
2239 2886 2491 2949 moduli
2526 2909 2756 2950 numos
2795 2888 2865 2950 in
2905 2910 3134 2952 museo
3164 2880 3446 2955 Florem

1943 2985 2082 3049 tino
2109 2988 2470 3071 proposuit.
2517 2989 2684 3051 Sunt
2713 2990 2783 3050 hi
2814 2992 2994 3051 numi
3023 2989 3273 3056 affabre
3308 3014 3444 3056 om-

1943 3087 2135 3165 nino,
2206 3101 2400 3173 atque
2460 3087 2543 3153 ad
2597 3104 2894 3155 veterem
2949 3091 3220 3157 modum
3276 3095 3445 3165 scite,

1943 3187 2135 3267 facti,
2198 3189 2292 3252 sic
2349 3204 2418 3253 ut
2475 3191 2691 3274 primo
2754 3206 3017 3275 aspectu
3081 3195 3275 3258 etiam
3333 3217 3444 3261 ex-

1947 3305 2216 3374 pertum
2287 3292 2355 3353 in
2425 3291 2721 3357 fraudem
2781 3295 3032 3378 possint
3085 3295 3445 3377 inducere,

1947 3405 2223 3476 utraque
2277 3392 2492 3457 autem
2529 3395 2709 3457 numi
2752 3397 3134 3480 superficies
3168 3412 3298 3462 tam
3336 3422 3446 3464 an-

1944 3493 2054 3556 xie
2109 3492 2191 3556 ad
2238 3494 2422 3555 numi
2467 3497 2688 3575 aenei,
2758 3497 2825 3560 in
2879 3520 3008 3583 quo
3050 3520 3222 3563 nunc
3260 3504 3443 3579 sum',

1942 3608 2340 3679 prototypon
2370 3594 2587 3659 efficta
2625 3612 2762 3675 est,
2807 3613 2879 3662 ut
2911 3621 2994 3663 ne
3032 3601 3299 3685 quidem
3331 3601 3447 3667 de·

1947 3697 2279 3760 sideretur
2312 3698 2379 3762 S.
2416 3697 2486 3760 C.
2522 3720 2558 3760 a
2589 3714 2850 3763 moneta
2892 3721 3085 3765 aurea
3124 3702 3446 3786 Augusto·

1947 3821 2095 3863 rum
2129 3811 2503 3863 constanter
2535 3815 2824 3865 extorre.
2906 3806 3088 3865 Iuvat
3120 3802 3248 3867 hoc
3289 3803 3442 3867 loco

1950 3922 2470 3964 commemorare
2506 3903 2754 3964 eruditi
2792 3905 3093 3986 Apostoli
3131 3905 3317 3968 Zeno
3358 3906 3443 3969 de

1949 4003 2053 4065 his
2075 4002 2410 4086 judicium,
2446 4003 2622 4087 quod
2644 4004 2785 4086 ipse
2803 4025 2971 4065 anno
2991 4003 3183 4086 hujus
3202 4006 3445 4070 saeculi

1950 4105 2182 4173 XLVI.
2218 4104 2300 4168 ad
2330 4104 2625 4167 abbatem
2659 4103 3028 4168 Olivierum
3072 4107 3444 4189 scripserat,

1954 4220 2022 4269 et
2080 4219 2290 4277 exstat
2347 4205 2524 4268 inter
2579 4206 2720 4288 ejus
2780 4205 3086 4291 epistolas
3139 4207 3440 4276 Venetiis

1902 4310 1905 4313 ’
1953 4307 2157 4371 editas
2184 4310 2373 4370 Tom.
2402 4309 2512 4373 111.
2547 4329 2613 4391 p.
2645 4317 2789 4384 420.
2850 4307 2987 4370 Hie
3028 4328 3300 4384 numus,
3333 4307 3442 4383 ait,

1951 4411 2131 4471 artis
2160 4421 2263 4472 est
2287 4412 2672 4485 modernae,
2716 4422 2784 4471 et
2815 4411 2889 4470 in
2921 4409 3282 4472 multorum
3310 4429 3448 4472 ma-

1953 4512 2148 4573 nibus
2183 4522 2506 4576 versatur.
2572 4514 2645 4573 V
2635 4512 2734 4572 ide·
2765 4509 2905 4589 ejus
2935 4510 3194 4572 similes
3220 4510 3452 4593 plures

370 4646 3456 4699 ——ffl

419 4756 481 4827 a)
522 4751 683 4812 Suet.
713 4751 776 4810 in
800 4748 938 4809 Tib.
974 4768 1025 4806 c.
1049 4758 1139 4810 50.

1285 4743 1357 4818 b)
1396 4742 1567 4800 Tem.
1600 4738 1643 4798 1.
1675 4736 1798 4798 tab.
1821 4736 1894 4796 11.
1925 4755 1985 4794 n.
2005 4747 2056 4802 Ξ.
