4509 5584
1848 555 2188 632 NERO.

593 734 815 815 Typus
852 749 1121 796 aversae
1154 725 1594 814 perfrequens
1622 739 1723 789 est
1755 725 1822 786 in
1855 747 1961 790 ae·

462 833 608 897 neis
637 834 940 897 Neronis·
972 830 1219 907 numis,
1270 842 1343 892 ut
1379 827 1744 895 videbimus
1792 827 1962 892 infra

463 935 536 996 in
560 933 774 997 numis
806 934 1005 1017 vagis.
1067 930 1427 1016 Singularis
1458 943 1559 993 est
1579 929 1687 993 bic
1707 950 1960 1008 numus,

465 1057 616 1101 cum
664 1035 841 1121 quod
891 1035 1045 1099 trib.
1072 1033 1410 1129 potestatis
1461 1051 1809 1095 numerum
1855 1031 1966 1095 ad-

466 1140 596 1216 dit,
638 1139 823 1220 cujus
861 1135 1235 1218 exemplum
1265 1136 1333 1196 in
1371 1133 1505 1197 alio
1536 1134 1821 1213 Neronis
1849 1155 1963 1195 nuc·

465 1260 574 1303 mo
624 1259 832 1304 aeneo
884 1236 1173 1301 nondum
1246 1237 1616 1299 observare·
1649 1235 1960 1318 contigit,

464 1356 602 1405 tum
652 1339 827 1426 quod
870 1339 938 1399 iu
982 1337 1212 1438 eadem
1261 1337 1445 1400 numi
1491 1349 1681 1419 parte
1716 1350 1964 1401 utrum-

469 1464 609 1528 que*
630 1441 1060 1527 Imperatoris·
1080 1440 1334 1503 titulum
1376 1437 1599 1505 offert.

861 1629 942 1690 V.
983 1625 1054 1690 C.
1088 1626 1215 1690 820
1248 1623 1325 1687 P.
1353 1623 1579 1708 X.-67.

532 1746 667 1811 Ta.
707 1744 796 1811 Ρ..
824 1744 1029 1811 XIII.
1062 1745 1277 1808 XIV..
1299 1743 1494 1812 CoS.
1527 1743 1671 1808 IV.
1687 1740 1765 1810 Ρ.
1801 1742 1905 1807 M.

437 1829 448 1838 ’
947 1863 1042 1930 P..
1064 1861 1143 1925 Ρ.
1179 1863 1383 1929 [ΜΡ.
1413 1895 1495 1913 --
1547 1900 1558 1906 -
1819 1893 1825 1900 ·

467 1983 852 2051 brancato
888 1977 1246 2065 Capitone,
1291 1983 1364 2047 G.
1399 1980 1580 2045 Iulio
1618 1980 1797 2066 Rufi»
1827 2001 1960 2045 cos.

593 2150 729 2214 Per
758 2135 1026 2214 theatro
1047 2146 1300 2213 Graeca
1330 2148 1534 2226 canit,
1593 2148 1927 2233 aurigatur
1940 2189 1968 2226 ,

467 2249 882 2331 histrioniam.
895 2250 1088 2330 facit.
1102 2249 1225 2314 urb
1232 2269 1315 2312 es·
1333 2247 1596 2331 expilat.
1647 2248 1961 2313 Isthmum

3424 575 3569 654 262

2074 738 2244 790 ctam
2294 744 2563 810 segnes,
2622 738 2831 811 atque·
2870 727 2992 792 lios
3042 749 3316 817 quoque·
3349 756 3503 802 mox
3532 763 3569 804 a

2075 827 2376 911 corporis
2443 828 2737 893 custodia
2797 829 3119 914 dilapsos,
3181 856 3385 921 vagus
3440 842 3571 924 pri.

2074 949 2259 991 mum
2317 929 2671 1014 palansque
2735 930 2804 993 in
2855 932 3065 996 hortis
3107 934 3324 1017 latuit,
3388 941 3573 1005 deni·

2075 1050 2205 1114 que
2255 1031 2624 1112 conspectis
2673 1032 3054 1116 equitibus,
3103 1038 3213 1120 qui
3258 1062 3295 1103 a
3342 1057 3571 1112 senatu
3660 1055 3664 1060 ’

2077 1130 2170 1195 atl-
2198 1151 2285 1193 se·
2312 1133 3005 1216 comprehendendum
3053 1139 3235 1201 missi
3276 1142 3571 1226 adfuere,

2077 1231 2437 1316 desperata,
2468 1235 2826 1298 facinorum
2876 1239 3079 1304 venia
3106 1242 3473 1325 pugionem·
3502 1251 3573 1313 in

2076 1355 2317 1418 corpus
2364 1334 2590 1398 defixit
2619 1358 2846 1402 mense
2882 1343 3104 1419 Iunio,
3157 1345 3572 1432 ejusque‘se-

2076 1435 2375 1518 cundum·
2403 1438 2817 1521 probabilem
2853 1442 3262 1507 eruditorum
3314 1464 3573 1516 senten-

2073 1537 2229 1600 tiam
2270 1537 2378 1601 die
2419 1540 2528 1605 IX.
2630 1579 2643 1592 ·

2208 1639 2372 1722 Ejus
2392 1640 2750 1707 *intellecta
2783 1657 2999 1708 morte
3054 1647 3289 1731 plebes
3340 1652 3580 1735 pileata

2080 1739 2265 1804 velut
2311 1740 2569 1804 reddita
2606 1741 2912 1808 libertate
2958 1765 3084 1830 per
3129 1750 3579 1830 urbis-itinera

2069 1839 2412 1933 discurrit.
2510 1843 2674 1906 Nam
2730 1845 2898 1908 nibil
2949 1869 3216 1934 usquam
3272 1874 3578 1920 securum

2077 1943 2379 2007 omnium.
2410 1943 2710 2008 ordinum
2729 1991 2762 2025 ‚.
2801 1961 2996 2034 atque
3039 1953 3268 2017 aetatis
3307 1958 3578 2021 Nerone

2073 2043 2267 2122 vivo,
2334 2066 2551 2131 neque
2587 2067 2749 2113 vero
2793 2068 2879 2113 eo
2920 2071 3108 2115 more
3150 2075 3381 2121 saevus
3430 2058 3575 2135 fuit,

2074 2165 2207 2229 quo
2237 2145 2579 2210 Tiberium
2620 2146 2916 2236 aliosque
2966 2165 3275 2235 tyrannos
3314 2161 3587 2226 saeviis·-

2073 2246 2251 2310 sein
2300 2268 2451 2311 suos
2497 2263 2788 2326 constat,
2852 2253 3144 2319 exercita
3188 2258 3334 2322 solo
3372 2261 3589 2344 impe·-

466 2351 824 2438 perfodere
873 2365 1099 2417 tentat.
1187 2348 1645 2415 Corbulonem
1681 2351 1959 2415 accitum
2070 2347 2176 2412 rio
2220 2349 2653 2430 crudelitate,
2696 2353 2816 2417 sed
2856 2355 3018 2439 ipse⁴
3044 2356 3226 2420 urbis
3271 2360 3591 2447 compita,

470 2454 640 2538 apud
672 2454 1045 2517 Cenchreas
1082 2451 1400 2515 interimit
1445 2456 1525 2536 ¹¹).
1602 2453 1768 2515 Fine
1809 2453 1960 2516 anni

472 2559 744 2620 Romam
778 2555 1138 2619 revertitur
1166 2552 1340 2617 inter
1369 2553 1701 2617 scenicum
1739 2553 1966 2618 trium·-

470 2658 670 2742 phum
705 2656 788 2720 de
822 2657 1011 2724 victis
1036 2653 1485 2732 histrionibus,
1523 2655 1789 2739 aurigis,
1817 2675 1965 2719 can·

474 2759 747 2823 toribus.

597 2860 780 2925 Anni.
796 2856 1159 2945 praesentis
1191 2856 1374 2921 numi
1400 2857 1569 2921 certi
1592 2854 1967 2958 desideran-

472 2980 599 3029 tur·

862 3146 1047 3211 7.,0.
1081 3146 1203 3211 81η
1238 3140 1438 3209 Ρ...Χῖ
1465 3144 1586 3209 68..

571 3268 699 3332 ΤΚ.
733 3266 1045 3332 P...X1V.
1088 3264 1278 3330 008.
1318 3266 1397 3328 V.
1429 3261 1509 3327 Ρ.
1543 3262 1648 3328 Μ.
1685 3259 1895 3331 1³..P.

948 3383 956 3392 '
1066 3382 1267 3447 IMP.
1291 3414 1376 3434 υ·
1427 3397 1434 3403 “

480 3509 551 3572 C.
595 3505 766 3571 Silio
811 3504 1097 3581 Italico,
1155 3503 1257 3568 M.
1315 3499 1618 3565 Galerio·
1641 3501 1968 3567 Trachalo

1146 3623 1282 3669 cos.

593 3774 778 3836 Nero
849 3771 1110 3849 audito,
1194 3768 1436 3832 Iulium
1477 3766 1829 3835 Vindicem
1893 3770 1960 3832 in

473 3875 701 3938 Galliis
774 3873 1118 3940 adversum
1174 3892 1246 3936 se
1275 3869 1753 3951 „conspiratum
1826 3892 1961 3934 non

474 3995 871 4059 magnopere
900 3975 1216 4039 hactenus
1249 3985 1612 4036 commotus
1640 3986 1759 4035 est.
1803 3975 1964 4035 Post

476 4096 622 4140 cum
660 4076 857 4140 certis
889 4077 1144 4140 nunciis
1176 4073 1637 4159 comperisset,
1687 4073 1961 4137 Galbam

472 4179 566 4241 in·
603 4178 911 4262 Hispania
983 4178 1405 4244 acclamatum
1462 4176 1958 4259 imperatorem,

473 4296 540 4347 et
567 4281 855 4347 delicere
932 4302 1060 4366 per
1137 4275 1515 4363 provincias
1595 4274 1958 4374 exercitus,

469 4382 922 4469 praetorianos
978 4382 1059 4445 ad
1120 4380 1400 4453 bellum,
1480 4391 1547 4441 et
1602 4376 1703 4441 sui
1756 4377 1966 4448 vindis

544 4791 607 4862 a>
644 4788 757 4847 nio
787 4785 1074 4846 1..1.x111.

1224 4784 1295 4857 b)
1335 4784 1475 4840 Tac.
1503 4784 1655 4838 Anu.
1675 4780 1798 4840 XV.
1832 4793 1918 4856 59.
1959 4781 2073 4838 Dio
2104 4781 2171 4840 L.
2186 4780 2361 4841 LXII.
2397 4793 2480 4846 18.

2076 2463 2147 2513 et
2224 2450 2559 2535 lupanaria
2634 2456 3018 2539 pererrabat
3098 2462 3574 2544 comitantibus,

2079 2551 2205 2637 qui·
2229 2552 2440 2645 obv‘iis
2480 2557 2755 2621 vulnera
2788 2557 3146 2638 inferrent,
3204 2563 3298 2626 sic
3329 2579 3402 2627 ut
3436 2567 3579 2649 ipse

2079 2671 2343 2738 quoque
2371 2658 2713 2741 exciperet
2743 2658 2932 2736 ictus,
2963 2678 3212 2746 eosque
3247 2685 3366 2729 ore
3391 2688 3581 2748 prae·

2076 2750 2325 2816 ferret..
2400 2759 2802 2842 Implacabili
2855 2773 3071 2847 autem
3127 2761 3281 2826 odio
3321 2764 3582 2831 fereba-

2077 2866 2190 2916 tur
2229 2855 2297 2915 in
2339 2872 2665 2938 senatum,
2709 2880 2957 2945 eosque
2999 2882 3274 2942 omnes‚.
3304 2868 3417 2949 qui
3454 2890 3576 2933 seu

2076 2953 2358 3034 virtute,
2452 2979 2572 3023 seu
2645 2981 2931 3045 genere,
3021 2984 3149 3028 seu·
3214 2965 3580 3034 illustribus

2005 3145 2028 3162 κ
2075 3056 2267 3120 factis
2355 3061 2719 3128 eminuere.
2822 3064 3182 3130 Horribilis
3266 3067 3577 3149 incendii,

2081 3158 2259 3242 quod
2308 3160 2391 3228 V.
2432 3163 2504 3228 C.
2558 3166 2685 3246 817
2722 3185 3021 3251 magnam
3088 3168 3270 3234 urbis
3319 3186 3580 3255 partem

2076 3259 2148 3321 in
2190 3262 2481 3329 cinerem
2529 3266 2758 3354 vertit,
2809 3268 2951 3352 ipse
3002 3293 3167 3336 unus
3209 3283 3438 3338 auctor
3479 3275 3581 3341 fe·-

2076 3361 2382 3441 rebatur,
2424 3388 2499 3432 ac
2545 3387 2695 3430 cum
2740 3372 3019 3437 maxime
3063 3395 3191 3457 per
3217 3388 3390 3438 tecta
3436 3398 3579 3441 sae-

2075 3461 2259 3529 viret·
2288 3465 2492 3550 ignis,
2535 3468 2758 3535 iniisse
2796 3491 2947 3537 eum
2980 3473 3405 3566 domesticam
3437 3499 3579 3542 sce·

2075 3586 2245 3643 nam,
2278 3581 2346 3631 et
2380 3568 2695 3636 cecinisse
2731 3576 3089 3660 Trojanum
3120 3576 3447 3642 excidium
3476 3579 3568 3664 b).

2080 3667 2341 3759 Quanto
2391 3670 2619 3737 furore
2678 3678 3018 3759 gestiverit
3070 3699 3382 3763 superare
3423 3703 3573 3747 can-

2074 3783 2181 3844 tu·,
2246 3770 2620 3851 histrionia,
2683 3777 3023 3860 aurigandi
3067 3793 3208 3844 arte
3260 3784 3573 3849 mortales

2077 3890 2338 3949 omnes,
2429 3875 2507 3939 ad
2567 3893 2920 3960 sequentes
2996 3901 3229 3946 numos
3289 3884 3576 3949 animad-

2074 3987 2431 4042 vertemus.
2496 3976 2601 4037 Ad
2648 3978 2935 4043 insaniae
2980 3983 3312 4045 cumulum
3357 4005 3574 4049 acces-

2074 4074 2195 4149 sit,
2257 4075 2431 4159 quod
2485 4091 2757 4160 sumpto·
2808 4080 3153 4157 flammeo,
3215 4104 3351 4147 ceu·
3386 4085 3575 4150 femi*-

2035 4203 2044 4208 ·
2073 4196 2157 4236 na
2187 4176 2494 4259 denupsit
2529 4178 2941 4264 Pythagorae
2981 4182 3243 4246 liberto·
3262 4207 3578 4268 praesen-

2074 4275 2246 4338 tibus
2317 4279 2720 4360 auspicibus,
2806 4294 2871 4354 et
2930 4283 3308 4386 consignata
3382 4286 3573 4368 dote,

2078 4396 2234 4461 quas
2315 4379 2568 4461 nuptias
2640 4381 2783 4464 ipse
2855 4384 3139 4488 populus
3211 4389 3583 4471 Romanus„

2845 4879 3053 4942 Lls
