4509 5584
1077 564 1178 639 54

2289 546 2389 617 Μ.
2453 544 2981 624 LEPIDVS.

1741 839 1849 906 M.
1920 836 2501 903 AEMILIVS
2584 835 3084 903 LEPIDVS
3164 833 3547 904 IIIVIR.

1078 1056 1087 1064 -
1194 1030 1271 1088 ln
1325 1021 1594 1088 dissidio
1660 1020 1840 1089 civili
1895 1032 2117 1105 partes
2169 1022 2224 1086 1.
2276 980 2574 1085 Caesari-

1065 1139 1366 1206 secutus,
1430 1128 1515 1196 V.
1563 1125 1636 1188 C.
1679 1125 1813 1202 708
1868 1121 2046 1185 illius
2103 1120 2174 1182 in
2230 1122 2573 1186 consulatu
2689 1170 2700 1175 -

1063 1229 1375 1313 conlega,
1438 1247 1613 1291 anno
1654 1238 1974 1310 sequente
2017 1222 2332 1305 magister
2391 1224 2571 1308 equi÷
2691 1260 2720 1269 -·

1064 1345 1206 1397 tum
1264 1342 1518 1393 creatus
1578 1343 1711 1406 est,
1790 1347 1945 1388 mox
2017 1345 2293 1390 vacuum
2362 1325 2566 1388 caede

1073 1431 1383 1495 Caesaris.
1433 1429 1880 1512 pontificatum
1948 1426 2294 1487 maximum
2359 1424 2571 1488 abstu-

1036 1531 1158 1596 'lit.
1254 1530 1606 1594 Profectus
1677 1529 1746 1591 in
1815 1527 2218 1610 provinciam
2288 1522 2569 1589 Galliam

1059 1632 1609 1707 Narbonensem,
1696 1628 1999 1691 fervente
2076 1641 2213 1690 tum
2289 1626 2567 1691 maxime

1062 1735 1249 1799 bello
1325 1731 1684 1795 Mutinensi
1747 1730 1816 1791 in
1883 1727 2095 1792 Gallia
2172 1726 2571 1809 transalpina

1062 1835 1386 1918 tantisper
1440 1832 1770 1907 adhaesit,
1830 1830 2041 1915 jussus
2094 1838 2135 1893 'a
2190 1841 2420 1891 senatu
2471 1830 2568 1889 M.

1059 1936 1421 1999 Antonium
1470 1932 1652 1995 hello
1704 1931 2035 2017 persequi.
2109 1933 2363 1999 Verum
2418 1949 2571 1993 cum

1064 2037 1224 2102 huic
1282 2034 1455 2119 apud
1513 2034 1828 2097 Mutinam
1890 2033 2122 2110 victo,
2175 2045 2243 2096 et
2294 2031 2364 2095 in
2420 2030 2572 2093 Gal·

1063 2130 1224 2201 liam
1268 2135 1552 2222 profugo
1603 2136 1738 2202 sive
1783 2132 2092 2219 perfidia,
2152 2132 2290 2197 sive
2339 2120 2569 2195 incon-

1065 2238 1240 2305 sulto
1300 2253 1480 2302 metu
1541 2236 1842 2322 legiones
1902 2258 2049 2300 suas
2104 2233 2566 2309 commisisset,

1060 2339 1273 2404 hostis
1314 2340 1599 2423 primum
1642 2360 1679 2400 a
1721 2351 1950 2400 senatu
1996 2336 2354 2421 judicatus,
2415 2350 2570 2398 mox

1068 2466 1107 2506 a
1157 2441 1545 2506 coeuntibus
1597 2438 1669 2501 in
1727 2438 2073 2503 amicitiam
2114 2437 2439 2516 Antonio,
2500 2449 2570 2500 et

1064 2542 1429 2607 Octaviano
1487 2542 1558 2603 in
1615 2541 1951 2606 Illviratus
2017 2539 2398 2604 societatem
2460 2537 2571 2602 ad-

1062 2645 1264 2708 scitus
1301 2657 1402 2707 est
1435 2645 1520 2710 V.
1548 2643 1621 2709 C.
1655 2664 1775 2724 71¹
1802 2684 1819 2716 ‚
1864 2641 2047 2725 cujus
2083 2638 2213 2704 fine
2254 2640 2404 2704 anni
2435 2642 2570 2703 Ro·

1064 2767 1238 2810 mam
1282 2746 1617 2830 ingressus
1667 2743 1751 2807 de
1806 2742 2113 2828 Hispanis
2163 2741 2564 2827 triumphum

1061 2849 1222 2933 egit.
1287 2849 1364 2909 In
1421 2846 1907 2930 provinciarum
1954 2843 2297 2907 sortitione
2341 2857 2565 2907 nactus

1064 2949 1478 3034 Hispaniam,
1555 2946 1964 3031 Galliamque
2035 2944 2564 3023 Narbonensem,

1061 3065 1131 3114 et
1176 3050 1406 3115 consul
1451 3047 1693 3111 iterum
1724 3050 1809 3117 V.
1843 3051 1917 3112 C.
1944 3068 2105 3130 712,
2164 3048 2453 3111 Antonio
2497 3060 2568 3111 et

1022 3232 1041 3238 -
1066 3151 1429 3217 Octaviano
1474 3148 1560 3212 ad
1607 3153 1703 3216 M.
1741 3149 1932 3213 Bruti
1984 3147 2237 3212 bellum
2280 3147 2574 3234 egressis,

1060 3254 1286 3317 ltaliae
1349 3252 1615 3313 interim
1680 3250 2042 3315 custodiam
2110 3249 2355 3315 habuit.
2441 3250 2564 3313 Ce-

1060 3370 1278 3418 terum
1363 3366 1640 3436 propter
1715 3351 2086 3416 socordiam
2156 3350 2562 3434 contemptui

1063 3455 1323 3519 habitus
1385 3453 1466 3517 ab
1521 3451 1884 3529 Octaviano
1939 3473 2064 3537 pro
2123 3449 2372 3527 Gallia,
2443 3450 2562 3512 Hi-

1064 3557 1415 3642 spaniaque
1523 3552 1792 3616 biennio
1904 3566 2054 3638 post
2153 3551 2556 3636 provinciam

1063 3659 1359 3722 Africam
1401 3655 1656 3741 accipit.
1703 3654 1970 3718 Accitus
2014 3653 2255 3719 deinde
2299 3652 2380 3718 ad
2422 3654 2561 3717 bel-

1060 3763 1201 3825 lum
1245 3782 1396 3827 cum
1440 3761 1594 3825 Sex.
1623 3757 1944 3842 Pompeio
1989 3755 2385 3841 gerendum,
2429 3757 2559 3820 hoc

1060 3865 1211 3927 fuso
1253 3863 1608 3947 fugatoque
1661 3880 1811 3923 cum
1863 3857 2114 3922 animos
2168 3857 2407 3922 stolide
2465 3857 2560 3920 ef-

1056 3966 1306 4042 ferret,
1372 3963 1454 4028 ab
1516 3959 1875 4027 Octaviano
1938 3959 2342 4045 legionibus,
2404 3981 2561 4044 pro·

1058 4066 1312 4145 vincia,
1342 4065 1666 4135 ,Illviratu
1708 4075 1940 4129 exutus
1979 4062 2063 4130 V.
2101 4062 2173 4125 C.
2207 4063 2339 4143 7¹8
2384 4061 2557 4145 apud

1065 4169 1361 4253 Circejos
1399 4168 1714 4253 deinceps
1752 4162 2040 4249 privatus
2076 4163 2274 4229 vitam
2302 4163 2556 4247 exegit,

1059 4284 1355 4334 mortuus
1412 4273 1499 4338 V.
1544 4272 1617 4336 C.
1659 4278 1809 4351 741.
1898 4264 2071 4334 Vide
2145 4265 2311 4331 haec
2384 4263 2557 4348 apud

1058 4373 1383 4449 Dionem,
1448 4373 1849 4457 Appianum,
1916 4366 2290 4448 Velleium,
2365 4368 2557 4432 alios·

1061 4493 1210 4558 que.
1288 4508 1301 4519 -

1133 4791 1194 4859 a)
1235 4785 1449 4862 Philip.
1484 4781 1640 4841 XIII.
1677 4803 1726 4842 c.
1752 4791 1802 4846 4.

1955 4785 2021 4857 b>
2062 4786 2175 4844 mo
2205 4783 2510 4843 L.XL111.
2544 4786 2592 4858 §-
2619 4800 2669 4846 ι.

2883 1080 2892 1096 .
3189 1072 3196 1079 .
3287 1016 3364 1085 Ν
3377 1041 3424 1081 ιι
3441 1039 3507 1085 m
3524 1023 3588 1085 i:

2973 1118 3069 1182 M.
3109 1117 3513 1191 LEPIDVS·
3557 1120 3821 1193 IIIVIR.
3862 1124 3948 1194 R.
3986 1124 4070 1195 Ρ.
4108 1125 4185 1191 C.

2887 1276 2926 1285 ,,
2980 1221 3197 1302 Caput
3232 1221 3473 1304 Lepi&
3497 1227 3780 1293 nudum.

2685 1323 2909 1406 Caput
2955 1323 3055 1384 M.
3092 1322 3420 1401 Antonii,
3465 1327 3573 1391 vel
3609 1328 4178 1401 Octaviani..AR.

2684 1425 2759 1484 In
2801 1421 3077 1485 aliorum
3115 1443 3372 1489 aversas
3431 1427 3611 1507 parii
3669 1428 3915 1494 IIIvin'
3969 1450 4186 1495 mono-

2684 1525 2888 1602 tales,
2927 1526 3310 1588 Mussidlus
3343 1527 3634 1608 Longus,
3678 1527 4026 1596 Livias-ius
4057 1534 4180 1597 Re-

2679 1626 2888 1706 gulus
2924 1636 3046 1691 etc.
3089 1626 3236 1693 AV.
3273 1629 3474 1710 (Mus.
3510 1628 3729 1707 Caes.)

2884 1728 2975 1790 M.
3024 1727 3312 1793 LEPID.
3357 1726 3549 1794 COS.
3604 1729 3781 1793 lMP.
3845 1732 4179 1814 &aps-dunt

2884 1826 3060 1903 cula,
3103 1829 3560 1913 asper-gillam,
3586 1835 3946 1914 'secespitm
3984 1854 4178 1916 apex.

2685 1929 2780 1992 M.
2819 1926 3153 1992 AN'I'ON.
3195 1929 3388 1994 COS.
3422 1931 3600 1993 ΙΜΡ.
3643 1931 3894 1995 Lituus
3924 1937 4183 2017 praefir-

2684 2030 3008 2106 ticulum,
3064 2050 3317 2095 corvus.
3373 2033 3452 2093 In
3487 2028 3807 2111 denariis,
3853 2046 3922 2097 et
3957 2035 4181 2120 quina-

2631 2124 2638 2133 “
2684 2128 2822 2197 riis.
2869 2130 3174 2208 (Metelli
3211 2130 3280 2192 in
3309 2131 3464 2197 sam.
3501 2132 3740 2201 Amen.
3777 2132 3904 2201 tab.
3931 2138 4027 2218 5.)

2808 2231 3194 2295 IMPerator
3222 2233 3291 2294 in
3320 2254 3518 2296 numo
3549 2237 3759 2298 altero
3793 2236 4180 2315 inscribitur

2683 2331 3011 2416 Lepidus,
3060 2333 3202 2418 qui,
3252 2347 3595 2420 autequam
3631 2336 3702 2398 id
3747 2357 3953 2421 genus
3994 2344 4174 2405 numi

2682 2430 3082 2513 ferirentur,
3122 2433 3482 2518 imperator
3522 2437 3760 2501 iterum
3799 2439 4008 2505 dictus
4041 2443 4172 2526 jam

2681 2533 2806 2613 fuit
2841 2549 3011 2600 teste
3051 2537 3197 2621 ipso
3230 2536 3553 2601 Cicerone
3586 2540 3678 2621 ⁸),
3729 2555 3798 2604 et
3827 2542 3997 2607 binis
4036 2547 4177 2628 epi-

2680 2635 2900 2713 stolis,
2931 2658 3094 2721 quae
3132 2652 3282 2711 sunt
3313 2639 3488 2711 inter
3518 2639 3875 2707 familiares
3909 2645 4178 2710 Cicero·

2679 2737 2782 2813 nis
2822 2739 2904 2804 L.
2930 2739 3010 2802 X.
3046 2738 3149 2816 34.
3184 2741 3289 2805 35.
3342 2742 3574 2825 Neque
3621 2763 3784 2808 vero
3828 2747 4038 2810 solum
4080 2748 4179 2825 le,

2680 2837 2912 2923 gioues
2943 2840 3063 2902 sub
3093 2861 3165 2903 se
3199 2841 3447 2935 habuit,
3481 2844 3600 2905 sed
3625 2845 3728 2908 his
3755 2838 4180 2932 triumphavit

2682 2940 2914 3017 etiam,
2972 2942 3096 3005 etsi
3138 2962 3220 3005 ex
3265 2945 3444 3007 nulla
3487 2946 3727 3012 bellica
3771 2949 3992 3026 laude,
4044 2951 4180 3035 pri-

2680 3063 2858 3105 mum
2891 3044 2973 3109 V.
2999 3045 3075 3105 C.
3106 3047 3233 3125 708
3268 3066 3350 3108 ex
3387 3048 3696 3131 Hispania
3733 3050 4042 3114 citeriore
4081 3052 4179 3113 fa-

2679 3158 2876 3211 vente
2912 3146 2962 3209 I.
3000 3146 3301 3225 Caesare,
3331 3167 3482 3211 cum
3509 3170 3643 3212 nou
3670 3149 3965 3229 haberet,
3992 3153 4170 3236 quod

2676 3244 2744 3321 in
2796 3245 3129 3332 triumpho
3187 3247 3467 3325 inferret
3514 3265 3782 3333 praeter
3836 3252 4173 3339 ademptas
4241 3246 4254 3261 ⁸

2678 3348 2871 3410 sociis
2903 3350 3213 3431 pecunias
3245 3347 3338 3432 b).
3382 3351 3781 3438 Triumphus
3818 3353 3988 3418 alter
4026 3356 4092 3420 ei
4125 3378 4170 3421 a

2675 3461 2903 3512 senatu
2933 3452 3018 3517 V.
3051 3451 3125 3517 C.
3146 3472 3266 3530 711
3310 3452 3597 3518 nondum
3628 3455 3863 3520 Illviro
3894 3458 4067 3525 ΚΡ.
4090 3459 4168 3526 C.

2672 3550 3019 3629 decretus,
3086 3552 3265 3637 quod
3318 3556 3747 3621 reconciliato
3804 3572 3954 3621 oum
4016 3581 4166 3641 rep.

2675 3652 2832 3716 Sex.
2867 3654 3188 3740 Pompejo
3232 3656 3610 3739 Hispaniam
3659 3658 3800 3723 sine
3845 3662 4164 3745 sanguine

2672 3755 3089 3838 recuperavit
3139 3759 3218 3839 ο).
3294 3760 3441 3841 Ipse
3492 3759 3792 3843 pontifex
3843 3764 4166 3829 maximus

2673 3855 3100 3921 instrumenta
3144 3856 3534 3940 pontificalia
3589 3860 3656 3922 in
3700 3884 3899 3928 numo
3950 3879 4170 3930 osten-

2673 3950 2810 4037 tat,
2837 3972 2907 4022 ut
2942 3957 3261 4023 Antonius
3293 3980 3502 4043 augur
3534 3965 3884 4046 auguralia.

2916 4144 3126 4233 Νᾳηιί
3163 4149 3515 4210 commatis
3547 4151 3903 4231 peregrini.

2804 4266 2997 4333 Vrbis
3033 4266 3287 4345 liberae
3324 4264 3624 4330 Graecae
3656 4266 3840 4331 numi
3880 4288 4028 4331 cum
4064 4291 4172 4335 ca·-

2668 4367 2807 4451 pite
2832 4365 3069 4450 Lepidi
3100 4381 3249 4430 sunt
3276 4368 3614 4435 rarissimi.
3649 4370 3975 4453 Antipolis
3999 4373 4166 4435 Nar-

2665 4469 2977 4535 bonensis
3019 4468 3333 4535 habemus
3373 4490 3573 4533 unum
3595 4515 3614 4550 ,
3673 4491 3870 4557 quem
3913 4472 4166 4539 descri-

2820 4786 2883 4857 c)
2926 4784 3051 4842 Cic.
3082 4784 3232 4843 Phil.
3263 4784 3418 4843 xm.

2815 5062 2852 5084 X
