4509 5584
1087 610 1235 703 496

1094 787 1228 850 tes,
1278 773 1481 849 juxta
1514 788 1701 846 quem
1734 768 1959 850 puelli
1974 768 2239 847 palmas
2273 779 2586 830 tenentes.

1097 875 1239 938 ΔΕ.
1272 874 1320 936 1.
1355 874 1434 935 11.
1471 872 1671 954 (Mus.
1705 868 1924 952 caes.)

1385 976 1476 1036 Vt
1512 974 1617 1035 lit.
1648 973 1734 1036 H.

1097 1075 1618 1142 EXERCITVS.
1666 1071 2102 1141 1VDAICVS.
2145 1074 2212 1138 S.
2245 1074 2318 1137 C.
2387 1074 2597 1155 Impe-

1093 1191 1286 1242 rator
1324 1180 1398 1240 in
1441 1188 1760 1258 suggestu
1790 1189 1979 1239 stans
2010 1176 2262 1237 milites
2296 1174 2600 1253 adloqui·

1094 1292 1230 1346 tur.
1274 1279 1414 1342 ΑΕ.
1442 1278 1490 1338 1.
1529 1275 1747 1358 (Patin
1782 1276 1863 1340 ad
1899 1277 2080 1342 Suet.
2116 1297 2181 1358 p.
2210 1276 2400 1358 377.)

1220 1378 1595 1445 Adventum
1670 1377 1984 1443 Hadriani
2059 1379 2272 1442 nostri
2350 1378 2417 1439 in
2491 1380 2593 1440 lu·

1097 1483 1325 1554 dacem
1374 1493 1653 1544 testatur
1705 1478 1839 1543 Dio
1883 1480 1966 1561 ⁸).
2051 1480 2309 1543 Desunt
2374 1479 2594 1556 numi,

1097 1586 1210 1670 qui
1238 1581 1641 1647 Hadrianum
1671 1585 2122 1644 restitutorem
2157 1582 2449 1668 Iudaeae
2485 1601 2595 1645 ce·

1093 1685 1463 1762 lebrareut,
1509 1683 1633 1748 etsi
1673 1696 1867 1767 typus
1902 1681 2085 1746 numi
2121 1683 2321 1767 primi
2355 1703 2595 1747 revera

1095 1773 1581 1851 restitutionem
1631 1785 1943 1850 imitetur.
2032 1785 2170 1849 Sed
2234 1779 2439 1850 enim*
2469 1784 2598 1848 illo

1097 1891 1464 1973 imperante
1517 1886 1784 1970 indigua
1833 1899 1974 1950 erat
2025 1904 2100 1949 es
2144 1887 2362 1963 natio,
2428 1903 2603 1971 quse·

1097 2005 1376 2077 augusto
1406 1988 1735 2056 beneficio
1760 2004 2199 2053 recrearetur.
2246 1986 2414 2053 Satis
2444 2009 2598 2051 con·

1096 2107 1256 2172 stat,
1317 2105 1556 2178 quanto
1615 2090 1881 2169 furore,
1943 2090 2056 2176 qui
2108 2088 2311 2153 fidem
2373 2091 2599 2154 buma-

1092 2216 1245 2260 nam
1281 2208 1584 2278 superet,
1633 2193 1847 2259 adhuc
1877 2193 2164 2277 Traiano
2205 2214 2433 2256 rerum
2480 2212 2597 2277 po-

1092 2298 1215 2360 tito
1275 2297 1563 2359 fanatica‘
1606 2315 1684 2359 ea
1743 2314 1904 2378 gens
1949 2293 2129 2356 velut
2177 2307 2404 2357 o‘estro
2450 2314 2598 2377 per-

1098 2418 1291 2460 cussa
1331 2395 1752 2478 cyrenaicam
1796 2396 2114 2478 primum,
2177 2415 2343 2477 quae
2387 2394 2596 2457 scele-

1099 2498 1193 2561 ris
1256 2495 1721 2560 incunabulum-
1778 2495 1939 2573 fuit,
2017 2494 2258 2560 deinde
2314 2496 2616 2559 Alexam·

1104 2598 1348 2674 driam,
1399 2617 1473 2662 ac
1519 2598 1803 2682 Cyprum
1846 2596 2192 2674 caedibus,
2240 2596 2598 2674 incendiis,

1099 2699 1343 2784 r'apinis
1384 2688 1766 2783 pervaserit.
1823 2698 1931 2762 Ad
1972 2696 2359 2783 obsequium
2400 2698 2596 2764 armis

1098 2802 1368 2867 redacta
1411 2801 1660 2887 quievit
1700 2801 2036 2886 tantisper.
2098 2801 2430 2875 Subinde,
2478 2822 2598 2866 seu

1105 2905 1284 2990 quod
1354 2904 1848 2988 Hierosolymss
1923 2903 2249 2968 coloniam
2327 2902 2600 2969 deduxit

1103 3003 1512 3084 Hadrianus,
1560 3019 1633 3069 ut
1666 3007 1754 3070 ait
1786 3004 1921 3070 Dio
1955 3003 2063 3084 b),
2114 3025 2232 3069 seu
2271 3005 2451 3090 qnod
2488 3026 2602 3089 ge-

1105 3109 1329 3176 nitalia
1375 3093 1762 3193 praecidere
1807 3120 2220 3184 vetarentur,
2289 3122 2362 3172 ut
2407 3109 2604 3192 Spar·

1106 3212 1285 3277 tiano
1349 3211 1589 3288 visum,
1667 3208 1882 3293 palam
1941 3209 2328 3294 obsequium
2386 3210 2608 3286 exuit,

1106 3315 1397 3399 arsitque
1446 3310 1714 3384 infando
1758 3309 1940 3375 bello
1984 3309 2193 3373 omnis
2236 3312 2605 3378 Palaestina

1105 3416 1290 3480 lecto
1322 3414 1489 3478 duce
1520 3411 1968 3478 Barchoceba.
2026 3413 2204 3506 Belli
2250 3412 2469 3491 initia,
2515 3428 2605 3478 ta-

1108 3520 1304 3582 metsi
1336 3537 1460 3600 per
1488 3514 1717 3600 populi
1749 3515 2063 3586 commoti
2092 3516 2409 3581 vilitatem
2436 3515 2606 3579 levia

1111 3618 1328 3683 videri
1366 3630 1700 3698 poterant,
1750 3638 1885 3680 non
1936 3630 2157 3682 tamen
2205 3617 2607 3701 aspernanda

1114 3717 1482 3780 Hadrianus
1544 3717 1890 3782 arbitratus
1953 3720 2191 3782 lulium
2254 3720 2607 3797 Severum,

1118 3840 1250 3904 quo
1282 3817 1825 3901 praestantiorem
1859 3819 2097 3884 ducem
2141 3840 2220 3885 ea
2261 3835 2437 3885 aetas
2472 3842 2608 3885 non

1117 3921 1386 3998 habuit,
1451 3941 1536 3984 ex
1578 3919 1912 3984 Britannia
1963 3935 2229 4002 evocat,
2293 3923 2605 4010 belloque

1117 4023 1419 4110 gerendo
1472 4022 1805 4108 praeficit,
1870 4008 1981 4108 qui
2038 4023 2301 4089 tandem
2351 4025 2612 4090 nonnisi

1116 4149 1359 4212 aegre,
1415 4147 1489 4190 ac
1536 4126 1756 4190 multis
1805 4126 2091 4210 acceptis
2144 4127 2609 4203 incommodis,

1118 4230 1322 4314 captis
1352 4230 1627 4307 iterum,
1671 4243 1866 4314 atque
1898 4228 2138 4294 iterum
2167 4232 2417 4297 eversis
2452 4231 2612 4294 Hie-

1116 4332 1501 4414 rosolymis,
1562 4333 1799 4396 excisis
1856 4333 2183 4411 castellis,
2243 4333 2610 4398 interfectis

1052 4519 1057 4524 ,
1121 4436 1454 4511 omnibus,
1502 4433 1613 4518 qui
1649 4433 2017 4511 obstitere,
2045 4436 2318 4520 reliquis
2353 4435 2471 4498 sub
2503 4436 2612 4498 ba·

1123 4551 1217 4602 sta
1263 4537 1583 4614 venditis,
1639 4537 1822 4602 belle
1862 4538 2215 4602 temerario
2258 4539 2457 4602 finem
2496 4537 2614 4600 im-

1197 4762 1260 4832 a>
1300 4761 1365 4816 L.
1388 4759 1584 4861 ηιξ.
1619 4761 1667 4833 ς»
1690 4776 1774 4822 ιι.
1968 4762 2042 4835 b)
2080 4762 2146 4821 L.
2163 4721 2363 4822 thx.
2396 4765 2444 4836 §-
2468 4776 2547 4826 ιε.

1118 4850 1278 4908 hunc
1308 4870 1440 4906 ann.

2281 593 3000 672 HADRIANVS»

2659 776 2676 786 ’
2704 765 2941 849 posuit.
3011 763 3175 848 Ejus
3226 762 3595 830 adcurstam
3646 763 3987 832 historiam
4043 788 4198 834 con·

2705 867 2967 953 scripsit
3001 865 3466 931 Tillemontius
3496 869 3602 949 ⁰)..

2832 970 2990 1064 Quo
3029 990 3199 1033 anno
3238 968 3546 1033 Iudaeam
3587 966 3891 1034 inviserit
3921 969 4204 1035 Hadria-

2704 1094 2858 1149 nus,
2915 1071 3449 1138 controvertitur.
3508 1071 3781 1135 Factum
3827 1072 4004 1134 istud
4049 1096 4204 1157 pro-

2704 1165 2927 1237 fitetur
2984 1174 3227 1258 Pagius
3285 1167 3455 1238 anno
3515 1173 3600 1240 V·
3646 1173 3722 1239 C.
3781 1176 3935 1257 872.
3994 1177 4071 1240 P.
4115 1177 4202 1240 Χ.

2713 1298 2829 1359 nq
2873 1275 2974 1359 d)‚
3038 1296 3203 1360 ergo
3259 1273 3406 1358 ipso
3455 1293 3666 1352 anno,
3727 1275 3913 1358 cujus
3965 1276 4202 1340 Kalen·

2704 1377 2803 1439 dis
2859 1376 3168 1440 Ianuariis
3223 1376 3455 1440 consul
3499 1378 3615 1439 111.
3668 1378 3995 1460 processit
4048 1399 4202 1445 oon-

2706 1479 2854 1562 lega
2911 1478 3203 1543 Rustico.
3291 1478 3700 1542 Sententiam
3770 1501 3953 1543 suam
4023 1479 4198 1543 binis

2707 1579 3098 1644 testimoniis
3171 1578 3591 1665 comprobet,
3677 1601 3812 1644 uno
3884 1583 4200 1646 chronici

2708 1679 3137 1747 Alexandrini
3157 1727 3176 1759 ,
3231 1682 3551 1746 narrantis
3568 1727 3586 1758 ‚
3599 1682 3878 1776 -jisdem
3920 1686 4199 1748 consuli-

2709 1784 2831 1850 bus
2888 1785 3293 1849 Hadrianum
3349 1784 3612 1849 venisse
3671 1785 4200 1871 Hierosolyma,

2653 1887 3040 1973 ,rebusque
3082 1886 3177 1949 ibi
3219 1884 3533 1949 ordinatis
3584 1885 3819 1950 urbem
3864 1887 3955 1951 de
3993 1911 4074 1953 se
4112 1888 4204 1951 di·

2709 1987 2883 2052 xisse
2921 1990 3221 2053 Aeliam.
3265 1989 3501 2053 Altero
3527 1989 3882 2074 Epiphanii
3911 2010 3997 2055 ex
4027 1990 4199 2053 libro

2710 2090 2795 2155 de
2837 2090 3196 2156 Ponderib.
3238 2103 3309 2155 et
3347 2093 3680 2169 Mensam,
3755 2092 3941 2175 eujus
4004 2091 4202 2158 verba

2708 2205 2887 2257 suntt
2952 2193 3345 2258 Hadrianus
3384 2194 3868 2269 Antiochiam,
3923 2214 4010 2257 ao
4055 2195 4210 2257 Coe·

2708 2298 2820 2358 len
2877 2294 3146 2378 Syriam
3162 2337 3185 2371 ,
3253 2295 3643 2359 Phoenicem
3657 2339 3681 2372 ,
3744 2309 3814 2358 et
3879 2296 4209 2360 Palaesti-

2709 2418 2908 2474 nam,
2942 2416 3114 2475 quae
3139 2396 3393 2459 Iudaea
3418 2387 3710 2473 dieitur,
3753 2417 3972 2473 anno,
4014 2417 4210 2476 quam

2712 2520 2941 2563 eversa
2959 2502 3240 2584 ficerat,
3273 2501 3555 2580 septimo
3597 2511 3666 2561 ee
3695 2501 4206 2580 quadragesimo

2705 2619 3079 2684 peragrans
3127 2599 3663 2685 Hierosolymam
3717 2601 4210 2663 celeberrimam

2712 2704 2941 2767 urbem
2977 2721 3073 2763 ae
3093 2700 3577 2765 nobilissimam
3616 2704 3982 2779 contendit,
4017 2722 4211 2782 quam
4253 2716 4267 2726 ‘

2725 2804 2915 2867 Titus
2948 2804 3355 2884 Vespasiani
3381 2800 3589 2887 filius
3620 2803 3910 2865 seeundo
3947 2805 4061 2863 sui
4096 2805 4211 2864 im·

2708 2906 2891 2990 perii
2939 2924 3114 2966 anno
3159 2914 3508 2967 everterat.
3568 2901 3882 2967 chronici
3932 2902 4209 2966 Alexan·

2719 3002 2891 3067 drini
2935 3002 3189 3078 edicte,
3238 3004 3388 3089 quia
3444 3004 3570 3088 ipsi
3613 3005 3922 3086 consules
3964 3003 4206 3068 addun-

2718 3119 2857 3182 tur,
2887 3118 3073 3170 certe
3100 3105 3572 3191 intelligendus
3595 3117 3812 3170 ‘annus
3844 3107 3930 3174 V.
3950 3108 4027 3173 C.
4060 3109 4205 3188 872.

2717 3207 2823 3269 Ad
2854 3208 3291 3291 Epiphaniam
3331 3208 3506 3296 quod
3541 3210 3805 3286 attinet,
3853 3208 4071 3296 minus
4113 3208 4209 3271 illi

2717 3308 2928 3394 probe
2986 3328 3137 3373 cum
3176 3325 3486 3395 computo
3531 3310 3830 3378 chronici
3878 3310 4206 3377 convenit.

2722 3414 2962 3496 Captae
2981 3412 3246 3477 fuerunt
3275 3436 3313 3477 a
3333 3415 3487 3478 Tito
3502 3414 4006 3496 Hierosolymo
4039 3416 4123 3484 V.
4140 3415 4209 3479 C.

2721 3515 2847 3588 853
2876 3514 2985 3578 die
3013 3513 3094 3581 11.
3133 3514 3573 3599 Septembris,
3623 3537 3789 3602 ergo
3828 3539 4033 3580 annus
4073 3537 4211 3602 scp-

2721 3620 2918 3681 timus
2976 3638 3052 3681 ac
3115 3618 3646 3703 quadragesimus
3698 3619 4017 3684 chronici
4079 3620 4208 3682 exi·
4317 3635 4330 3648 ·

2720 3720 2816 3786 vit
2846 3719 3084 3785 eodem
3130 3720 3239 3785 die
3279 3720 3431 3785 anni
3463 3715 3551 3788 V.
3575 3721 3646 3785 C.
3693 3720 3845 3802 870.
3921 3725 4016 3785 At
4040 3723 4210 3785 enim

2721 3822 2851 3887 hoo
2891 3835 3196 3906 tempore
3230 3824 3341 3891 vix
3380 3822 3728 3907 imperium
3767 3822 3984 3887 adhuc
4015 3823 4213 3907 degu-

2721 3924 2913 3991 stavit
2937 3924 3329 3989 Hadrianus.
3396 3925 3509 3988 Ait
3536 3927 3804 4011 quidem
3837 3925 4110 4010 Pagius,
4147 3936 4214 3986 ut

2723 4040 3080 4114 utrumque
3105 4041 3444 4092 auctorem
3471 4028 3782 4092 conciliet
3801 4073 3820 4104 ,
3872 4040 3940 4092 et
3973 4027 4216 4091 biennii

2725 4129 3057 4196 defectum
3093 4130 3440 4207 resarciat,
3481 4150 3718 4193 annum
3753 4130 4038 4214 primum
4067 4130 4232 4214 Epi··

2721 4232 2948 4316 phauii
3007 4252 3138 4296 non
3197 4230 3568 4295 ducendum
3639 4232 3720 4295 ab
3785 4252 3957 4297 anno
4016 4232 4101 4300 V.
4144 4232 4215 4295 C.

2725 4332 2879 4412 823,
2970 4353 3091 4398 seu
3167 4345 3500 4417 captarum·
3568 4324 4209 4416 Hierosolymam]

2727 4436 2847 4500 sed
2888 4435 2969 4500 ab
3011 4455 3183 4500 anuo
3241 4449 3595 4521 sequente,
3660 4457 3790 4522 quo
3851 4436 4212 4519 triumphus

2727 4537 3025 4602 Iudaicus
3063 4552 3279 4603 ,actus
3338 4553 3469 4616 est,
3550 4557 3628 4605 ac
3698 4553 4082 4620 praeterea,
4146 4552 4214 4602 ut

2734 4769 2797 4842 c)
2836 4764 2905 4822 Τ.
2926 4764 2998 4824 11.
3030 4764 3095 4822 P.
3114 4764 3189 4825 11.
3220 4783 3281 4842 p.
3300 4773 3424 4840 490.
3615 4762 3688 4836 d)
3727 4761 3873 4820 Crit.
3901 4762 4111 4819 namn.
4147 4759 4220 4815 sd
