4509 5584
1084 580 1232 650 550

1098 726 1426 808 Hauern,
1480 731 1866 793 dissonam
1929 727 2353 812 apologetica
2370 775 2397 807 ,
2455 749 2586 811 qua

1102 839 1291 899 aenei
1305 879 1322 911 ‚
1375 846 1444 896 et
1471 831 1659 893 unici
1670 872 1688 905 ,
1741 832 2103 909 Vespasiae
2135 834 2368 893 Pollae
2401 835 2590 895 numi

1098 938 1510 1016 antc‘quitas,
1545 929 1554 942 “
1584 941 1652 993 et
1712 932 2076 1011 integritas
2139 934 2582 995 viudicantur.

1101 1038 1532 1101 Vindobonae
1569 1028 1753 1112 1766.
1795 1031 2033 1092 Parum
2068 1051 2152 1093 eo
2193 1022 2409 1116 opere‘
2436 1055 2587 1118 pro-

1096 1138 1285 1201 batus
1326 1132 1507 1197 numi
1537 1132 1803 1206 candor
1852 1131 2168 1202 adversae
2218 1135 2582 1200 sententiae

1097 1238 1393 1326 patronis
1436 1232 1806 1311 videbatur,
1858 1250 2290 1324 exortumque
2335 1235 2586 1320 bellum

1096 1341 1275 1404 inter
1305 1350 1526 1422 partes
1560 1347 1785 1412 atrox,
1833 1337 2042 1421 quod,
2094 1350 2167 1401 ut
2203 1336 2352 1399 fieri
2394 1339 2595 1415 solet

1099 1442 1276 1505 inter
1332 1437 1758 1503 contumelias
1816 1438 2189 1523 gerebatur.
2284 1439 2591 1504 Pluribus

1099 1556 1251 1627 post
1280 1540 1494 1618 annis,
1532 1554 1952 1625 posteaquam
1987 1538 2344 1616 discessum
2378 1541 2469 1605 ab
2493 1562 2593 1605 ar·

1100 1646 1225 1711 mis
1258 1643 1390 1719 est,
1425 1642 1622 1710 fatale
1650 1641 1821 1705 istud
1857 1641 2222 1721 cimelium,
2263 1642 2419 1707 tanti
2452 1662 2601 1706 cau-

1104 1768 1238 1810 sam
1286 1731 1669 1821 moliminis,
1721 1757 1790 1808 et
1820 1743 2095 1821 irarum,
2153 1744 2362 1809 oculis
2391 1742 2601 1808 intue-

1102 1849 1166 1910 ri
1198 1867 1418 1911 coram
1453 1847 1672 1921 licuit,
1722 1865 1797 1908 ac
1829 1857 1967 1907 tum
2005 1844 2303 1909 dubitare
2341 1866 2599 1910 mecum

1104 1949 1247 2034 ipse
1285 1948 1510 2032 coepi,
1561 1945 1853 2031 magisne
1893 1945 2336 2013 miserandum
2370 1961 2605 2033 putem

2450 560 2821 637 TITVS.

2698 729 2996 794 laborem
3031 739 3142 791 aut
3176 745 3443 803 eorum,
3486 727 3598 812 qui
3634 728 3825 790 numi·
3852 727 4176 814 antiquita·

2696 843 2831 894 tem
2869 829 3167 916 aggressi
3202 841 3352 892 sunt
3382 828 3753 907 vindicare,
3794 844 3904 894 aut
3938 851 4178 909 eorum,

2698 933 2811 1018 qui
2841 953 3167 1008 mercem,
3216 949 3382 1015 quae
3428 913 3687 1015 objecta
3737 931 3945 997 oculis
3989 933 4181 996 conti·

2696 1052 2839 1096 nuo
2898 1031 3244 1117 pudendos
3305 1033 3544 1108 υοθειας
3600 1033 3850 1099 vibices
3905 1036 4181 1118 speruit,

2699 1134 2958 1224 diguam
2989 1134 3392 1222 judicavere,
3426 1134 3535 1199 cui
3565 1134 4009 1221 repudiandae
4042 1156 4184 1219 ope·
4234 1173 4241 1180 =

2698 1257 2812 1301 rae
2866 1239 3151 1321 pretium
3207 1247 3384 1300 esset
3431 1234 3793 1304 immorari.
3884 1238 4189 1302 Ceterum

2699 1336 2836 1399 vidi
2880 1339 3047 1402 olim
3082 1358 3235 1402 cum
3279 1337 3450 1422 apud
3487 1360 3611 1404 nos
3644 1340 3713 1402 in
3749 1358 3979 1404 museo
4012 1339 4192 1403 Ross-

2701 1439 2992 1516 Ieriano‚
3024 1451 3163 1502 tum
3193 1438 3262 1501 in
3295 1440 3491 1505 variis
3522 1462 3646 1526 per
3675 1441 3925 1505 Italiam
3956 1442 4194 1506 museis

2669 1614 2675 1621 ,
2707 1539 2955 1604 similes
2986 1541 3180 1627 hujus
3214 1541 3445 1606 Pollae
3478 1539 3747 1623 numos,
3799 1542 3917 1606 sed
3952 1543 4081 1606 hos
4116 1560 4194 1605 ex

2715 1660 2948 1706 eorum
2985 1663 3247 1729 quoque
3281 1644 3633 1723 sententia,
3682 1666 3960 1730 quorum
3999 1644 4201 1722 fuere,

2714 1746 2974 1827 spurios
3045 1745 3340 1829 agnitos,
3418 1757 3494 1809 ut
3553 1745 3720 1812 adeo
3788 1765 3992 1810 numo
4060 1743 4201 1808 huic

2711 1846 3090 1911 Haueriano
3159 1865 3246 1909 ue
3315 1835 3485 1908 illud
3547 1846 3814 1932 quidem
3876 1846 4201 1922 solatium,

2713 1965 2862 2011 esse
2894 1967 2966 2013 se
2998 1946 3297 2029 unicum,
3336 1947 3671 2035 reliquum
3709 1950 3814 2019 sit.

1881 2297 1958 2361 T.
2007 2294 2537 2361 -FLAVIVS
2612 2296 3445 2364 VESPASIANVS.

1143 2532 1153 2546 .
1241 2481 1430 2556 ¹l'ssitus
1468 2491 1656 2545 natus
1702 2492 1803 2544 est
1847 2453 2099 2544 Romae
2136 2480 2245 2540 111.
2281 2474 2427 2542 ΚΑΙ.
2470 2478 2602 2540 lan.

975 2575 984 2590 ⁸
1118 2582 1201 2651 V·
1259 2581 1330 2645 C.
1416 2591 1546 2665 794
1627 2593 1836 2645 matre
1920 2579 2147 2644 Flavia
2229 2579 2608 2656 Domitius,

1117 2663 1555 2768 'educatusque
1606 2704 1731 2747 una
1779 2681 1903 2745 fuit
1946 2702 2116 2765 puer
2161 2701 2312 2745 eum
2356 2681 2609 2744 Britan-

1115 2785 1265 2848 nico
1313 2787 1397 2865 ⁸.)
1468 2785 1680 2848 Patris
1723 2784 1791 2847 in
1845 2781 2295 2862 Germaniam,
2354 2796 2424 2847 et
2469 2781 2616 2845 Bri-

1117 2887 1397 2950 tanniam
1440 2906 1661 2950 comes
1707 2885 2014 2952 virtutem
2067 2907 2246 2949 suam
2279 2930 2308 2959 ,.
2344 2883 2629 2950 animum

1125 2987 1562 3071 intrepidum,
1625 3006 1714 3066 ac,
1753 2986 2063 3072 pietatem
2117 2985 2359 3072 insigni
2430 2987 2630 3051 docu-

1129 3103 1354 3152 mento
1417 3110 1585 3174 puer
1643 3087 1976 3173 probavit,
2042 3108 2189 3152 cum
2247 3089 2316 3149 in
2376 3088 2632 3151 Britan·

1130 3191 1237 3251 ni'a
1285 3204 1604 3275 perrupto
1645 3185 2075 3252 barbarorum
2125 3188 2325 3292 globo
2373 3204 2628 3274 patrem

1131 3290 1652 3375 periclitantem,
1721 3312 1795 3355 ac
1854 3291 1981 3373 jam
2034 3309 2243 3374 paene
2303 3285 2631 3373 captivum

1129 3393 1438 3476 liberavit
1473 3391 1563 3473 ¹³).
1625 3389 1888 3455 Patrem
1922 3413 1960 3455 a
1996 3391 2266 3456 Nerone
2309 3391 2490 3455 bello
2529 3394 2630 3454 Iu-

1127 3475 1324 3558 daico
1370 3488 1814 3578 praefectum
1826 3492 2200 3570 adsecutus,
2247 3490 2631 3575 legionique

1134 3595 1580 3679 praepositus,
1650 3593 2106 3671 Tarichaeam,
2174 3607 2243 3657 et
2299 3593 2633 3657 Gamalam

1134 3691 1338 3759 urbes
1402 3693 1679 3759 Iudaeae
1739 3695 2164 3761 validissimas
2215 3692 2287 3755 in
2349 3705 2633 3777 potesta·

1138 3810 1278 3860 tem
1312 3794 1576 3879 redegit
1595 3799 1689 3877 Ὁ).
1747 3797 2052 3860 Exeunte
2082 3815 2250 3857 anno
2283 3794 2471 3864 v.·C.
2504 3796 2621 3858 821

1139 3899 1375 3960 missus
1430 3919 1469 3960 a
1521 3910 1707 3980 patre
1766 3896 1850 3960 ad
1905 3896 2311 3961 salutandum
2358 3896 2631 3960 Galbam

1141 3997 1312 4083 apud
1347 3998 1733 4066 Corinthum
1778 4018 2015 4062 necem
2055 3998 2334 4077 Galbae,
2383 4013 2452 4064 et
2496 4019 2633 4061 mo-

1140 4115 1245 4164 tus
1280 4101 1539 4167 Vitellii
1577 4101 1904 4184 intelligit.
1952 4099 2173 4195 Quare
2208 4102 2483 4166 consilio
2520 4121 2633 4185 op·

1141 4217 1421 4287 portune
1476 4217 1720 4267 mutato
1773 4207 1926 4266 m‘ox
1978 4203 2060 4267 ad
2109 4216 2362 4288 patrem
2412 4224 2638 4267 rever·
2742 4205 2749 4220 '

1143 4306 1304 4367 titur
1343 4303 1428 4386 d).
1474 4306 1831 4370 Crescente
1867 4306 2118 4374 interca
2155 4304 2636 4388 provinciarum

1147 4407 1217 4467 in
1269 4405 1611 4474 Vitellium
1666 4406 1847 4482 odio,
1923 4422 1990 4470 et
2045 4407 2351 4472 Muciano
2411 4408 2636 4489 Syriae

1133 4519 1285 4568 *tum
1355 4509 1661 4589 praeside
1727 4510 2088 4571 transferre
2153 4509 2499 4592 imperium
2573 4508 2637 4568 in

1145 4713 1156 4720 ·
1225 4693 1288 4763 a)
1329 4691 1486 4751 Suet.
1526 4713 1656 4769 cap.
1678 4707 1729 4754 2.
1877 4693 1948 4767 b)
1986 4695 2099 4752 Dio
2129 4693 2521 4767 L.LX.·§.30.

1155 4780 1373 4857 loseph
1400 4782 1465 4838 Β.
1494 4784 1538 4842 Ι.
1565 4784 1629 4838 L.
1651 4783 1748 4840 IV.
1783 4802 1833 4843 c.
1851 4796 1906 4858 9.
1937 4784 1985 4855 §.
2005 4798 2057 4845 2.
2207 4790 2270 4857 e)
2309 4786 2501 4843 Tacit.

2671 4698 2732 4767 c)
2773 4696 2933 4754 Suet.
2970 4715 3021 4753 c.
3040 4706 3093 4758 lc.

2720 2477 3191 2563 Vespasianum
3218 2480 3575 2544 meditante
3615 2479 3759 2564 ipse
3788 2476 4209 2545 consiliorum

2722 2581 2900 2644 inter
2931 2594 3279 2667 utrumque
3311 2580 3587 2644 nuncius
3620 2581 3888 2659 exstitit,
3924 2578 4084 2643 dum
4112 2578 4211 2643 de·

2725 2681 2925 2765 nique
2959 2694 3148 2765 pater
3181 2706 3217 2746 a
3252 2683 3574 2768 propriis,
3624 2704 3700 2749 ac
3737 2682 4213 2768 provinciarum

2729 2784 3088 2849 vicinarum
3135 2783 3510 2868 legionibus
3552 2784 3912 2871 imperator
3952 2805 4079 2868 pro
4118 2783 4217 2850 vi·

2741 2883 2929 2950 tellio
2968 2883 3467 2953 adclamaretur.

3125 3094 3206 3154 V.
3245 3091 3315 3155 C.
3349 3089 3473 3153 822
3513 3091 3589 3152 P.
3623 3086 3714 3153 X
3714 3034 3719 3038 ·
3756 3089 3860 3171 69.

2752 3207 3165 3274 CAESAR.
3230 3207 3537 3274 PRINC.
3603 3205 3986 3272 IVVENT.
4059 3206 4231 3271 COS.

2847 3345 2855 3358 ’
3387 3305 3602 3390 DES.

2875 3493 3062 3557 Titus
3089 3494 3393 3578 profecto
3426 3493 3510 3558 ad
3542 3490 4000 3557 stabiliendum
4042 3493 4231 3575 impe·

2747 3593 2917 3657 rium
2954 3608 3139 3678 patre
3181 3594 3540 3660 subsistere
3579 3596 3644 3656 in
3676 3592 3923 3662 Iudaea
3953 3593 4041 3657 ad
4079 3594 4230 3656 hanc

2747 3695 3259 3780 perdomandam
3308 3695 3593 3779 jubetur.
3652 3695 3815 3757 Fine
3860 3695 4015 3758 anni
4053 3714 4231 3778 caeso

2746 3796 3021 3863 Vitellio
3052 3820 3090 3862 a
3123 3810 3351 3861 senatu
3376 3798 3640 3873 Caesar,
3672 3798 3980 3883 princeps
4010 3799 4227 3883 juven·

2744 3899 2930 3978 tutis,
2990 3898 3323 3983 patrisque
3388 3900 3457 3961 in
3511 3899 3850 3964 consulatu
3904 3895 4228 3984 sequentis

2746 4001 2899 4064 anni
2935 4000 3212 4084 conlega
3242 3998 3628 4083 designatur
3657 4002 3739 4082 θ).

3260 4147 3302 4184 ff
3469 4100 3510 4139 *
3675 4150 3714 4185 st

2880 4203 2986 4296 fAd
3013 4205 3186 4267 bunc
3216 4224 3475 4280 annum,
3511 4204 3636 4267 etsi
3667 4209 4056 4288 sequentem
4090 4220 4235 4288 quo·

2744 4315 2884 4389 'que
2928 4325 3058 4368 non
3095 4304 3410 4383 abnuant,
3452 4305 3697 4369 referri
3746 4320 4017 4390 possunt
4063 4304 4236 4367 numi

2752 4406 2977 4483 'aurei,'
3019 4420 3089 4470 et
3126 4408 3425 4490 argentei
3463 4430 3500 4471 a
3540 4428 3649 4471 me
3690 4431 3883 4493 supra
3924 4412 3991 4468 iu
4034 4404 4238 4469 numi:

2757 4507 3140 4590 Vespasiani
3196 4508 3279 4573 ad
3342 4510 3427 4575 V.
3468 4509 3540 4572 C.
3601 4510 3761 4587 822,
3823 4523 3889 4572 et
3950 4507 4077 4572 823
4139 4507 4242 4569 de-

3244 4696 3314 4769 d)
3354 4698 3538 4756 Tacit.
3571 4696 3813 4756 Hist.11.
3839 4715 3888 4759 1.
3929 4697 4089 4754 Suet.
4125 4705 4238 4757 e.5,
