4509 5584
1109 568 1254 645 2156

1120 752 1314 798 aerae
1365 724 1745 791 Gabalensis
1797 743 1935 788 uno
1980 744 2149 788 anno
2198 724 2411 787 serius
2466 719 2611 789 esse

1122 828 1687 906 constituendum,
1728 846 1893 912 quae
1939 827 2153 890 omnia
2201 827 2361 891 olim
2395 827 2614 911 copio-

1121 937 1257 1004 sius
1297 929 1740 1017 comprobabo
1771 929 1838 990 in
1867 927 2206 993 Addendis
2252 930 2337 993 ad
2375 949 2608 993 numos

1122 1036 1541 1103 Gabalorum.
1571 1031 1839 1096 Interim
1869 1052 2003 1094 non
2030 1030 2387 1096 verisimile
2410 1031 2645 1108 modo-³

1119 1153 1255 1216 est,
1334 1138 1456 1202 sed
1524 1135 1718 1219 plane
1786 1134 2228 1198 necessarium
2287 1147 2612 1210 statuere,

1116 1241 1323 1305 fuisse
1356 1238 1711 1322 Traianum
1746 1236 2153 1321 adoptatum,
2202 1249 2271 1298 et
2311 1235 2469 1302 trib.
2497 1255 2615 1317 po·

1120 1356 1356 1408 testate
1378 1354 1698 1417 ornatum,
1726 1352 2067 1424 antequam
2089 1339 2154 1399 in
2179 1337 2476 1401 Orientis
2509 1358 2613 1399 ur·

1120 1445 1314 1508 bibus
1345 1443 1411 1505 in
1446 1455 1754 1505 autumno
1786 1441 1870 1507 V.
1899 1441 1970 1504 C.
2006 1443 2130 1504 850
2166 1459 2374 1503 novus
2409 1460 2612 1503 annus

1118 1546 1357 1624 iniret,
1397 1557 1470 1607 ut
1501 1542 1810 1607 continuo
1846 1540 2112 1625 patebit.

1063 1648 1067 1652 ’
1204 1647 1354 1711 Nou
1411 1644 1774 1709 excessisse
1829 1644 2177 1728 Traianum
2233 1641 2385 1705 trib.
2430 1655 2614 1725 pote·

1120 1763 1348 1813 statem
1384 1748 1571 1822 XX„
1622 1759 1751 1809 tam
1787 1745 1970 1808 numi
2009 1744 2344 1807 commatis
2379 1747 2618 1808 Roma·

1120 1853 1228 1928 ni,
1301 1871 1493 1935 quam
1560 1867 1922 1923 marmora,
1998 1866 2163 1931 quae
2216 1846 2425 1910 modo
2485 1847 2616 1910 sint

1108 1961 1344 2015 “certae
1418 1949 1614 2026 fidei,
1699 1949 2036 2011 luculente
2112 1948 2421 2035 produnt.
2527 1948 2616 2009 At

1120 2054 1434 2135 Belleyus
1474 2050 1542 2113 in
1586 2047 1819 2114 eade'm
1861 2050 2319 2115 dissertatione
2359 2052 2415 2132 ⁸)
2457 2052 2618 2112 Tra-

1123 2154 1253 2237 jani
1306 2152 1496 2216 binos
1563 2163 1949 2237 argenteos,
2021 2173 2354 2237 unumque
2423 2171 2617 2216 aene·

1124 2278 1274 2332 um,
1326 2254 1548 2336 -Tyri,
1610 2266 1681 2316 ut
1742 2252 2166 2337 opinabatur,
2230 2274 2616 2337 percussos,

1125 2379 1206 2420 ex
1249 2355 1595 2418 Pollerinii
1645 2354 1951 2417 thesauro
2000 2354 2290 2437 profert,
2341 2355 2406 2417 in
2461 2375 2620 2439 quo-

1123 2479 1269 2520 rum
1299 2454 1824 2539 aversa-legitur:
1860 2450 2294 2520 AHMAPX.
2318 2453 2444 2519 ΕΞ.
2464 2458 2617 2522 KA.

1126 2554 1420 2622 THAT.
1454 2582 1518 2633 ς·.
1595 2555 1820 2620 Serius
1864 2555 2052 2617 binos
2095 2551 2342 2619 similes
2387 2578 2619 2640 argen-

1124 2673 1269 2723 teos
1317 2679 1402 2723 ex
1450 2658 1694 2721 museis
1731 2656 2087 2720 Austriacis
2132 2658 2379 2721 addidit
2420 2659 2620 2722 Rhel-

1123 2761 1251 2823 lius
1285 2757 1387 2842 ¹³),
1434 2773 1712 2845 quorum
1745 2782 1910 2822 unus
1938 2781 2110 2824 nunc
2146 2774 2245 2824 est
2282 2761 2348 2822 in
2388 2781 2618 2824 museo

1126 2865 1473 2928 Caesareo.
1552 2861 1738 2947 Ergo
1800 2863 2151 2948 Trajanus,
2217 2862 2394 2946 quod
2469 2884 2618 2927 cum

1125 2966 1424 3028 Romano
1486 2964 1639 3030 trib.
1694 2964 2034 3050 potestatis
2098 2977 2407 3047 computo
2469 2984 2620 3028 eon·

1126 3067 1333 3131 ciliari
1378 3067 1640 3151 nequit,
1694 3067 1958 3128 omnino
2002 3063 2398 3128 tribunatum
2444 3068 2617 3128 XXI.

1129 3169 1359 3253 attigit.
1434 3168 1596 3229 Eam
1644 3165 2095 3230 difficultatem
2141 3166 2234 3229 sic
2278 3167 2620 3230 resoltere

1125 3268 1401 3334 tentavit
1449 3270 1784 3378 Belleyns.
1865 3268 2188 3352 supponit
2240 3272 2290 3334 1.
2355 3290 2435 3332 ex
2496 3271 2623 3332 cal-

1130 3373 1282 3437 culo
1326 3347 1607 3448 Norisii,
1647 3392 1882 3436 annum
1926 3371 2275 3453 Tyriorum
2324 3373 2622 3456 coepisse

1130 3475 1239 3538 die
1309 3475 1482 3535 xlx.
1544 3471 1876 3538 Octobris.
1982 3472 2322 3557 supponit
2367 3476 2484 3550 11,
2553 3487 2627 3537 nt

1131 3575 1414 3658 diximus
1485 3596 1715 3658 supra,
1790 3575 2139 3657 Traianum
2210 3574 2317 3638 die
2386 3576 2627 3642 XVIII.

1133 3674 1544 3760 Septembris
1606 3674 1977 3764 adoptatum
2036 3675 2265 3742 fuisse.
2351 3678 2628 3741 Conclu-

1136 3776 1230 3839 dit
1285 3776 1526 3860 igitur,
1598 3775 1834 3857 Tyrios
1892 3800 1927 3839 a
1988 3775 2164 3840 dicto
2219 3778 2626 3861 Septembris

1135 3878 1244 3943 die
1291 3898 1497 3963 usque
1545 3876 1625 3941 ad
1674 3878 1843 3939 XIX.
1893 3877 2205 3942 Octobris
2247 3877 2625 3945 numerasse

1134 4001 1369 4045 annum
1404 3979 1721 4062 primum,
1759 3980 2077 4044 sumendo
2114 3964 2629 4046 annum-incom-

1132 4083 1383 4167 pletum
1426 4102 1549 4165 pro
1587 4082 1949 4165 completo,
2002 4096 2065 4146 et
2104 4082 2184 4145 ab
2223 4084 2351 4152 hoo
2390 4083 2499 4148 die
2535 4086 2630 4146 in·

1136 4185 1408 4249 ehoasse
1459 4183 1852 4260 seeundum,
1902 4185 2080 4269 quod
2127 4187 2325 4251 etiam
2372 4186 2455 4250 ab
2501 4188 2629 4251 Ae·

1138 4287 1375 4372 gyptiis
1402 4284 1666 4349 {factum
1715 4306 1795 4349 ex
1842 4286 2056 4349 numis
2098 4286 2257 4372 ipsis
2293 4288 2628 4366 novimus,

2337 507 2962 670 TRAJANVS.

2730 744 2844 788 seu
2901 721 3136 790 XXIX.
3175 723 3452 808 Augusti
3486 723 3806 808 auspicati
3857 738 4044 802 sunt,
4096 723 4230 786 etsi
4307 761 4320 772 ·

2729 826 3127 910 principatus
3188 824 3414 908 paucis
3475 838 3723 888 tantum
3781 824 4013 891 diebus
4071 841 4226 889 ante

2728 928 2869 1012 ejus
2903 926 3145 990 mensis
3180 926 3523 991 exordium
3553 925 3790 992 fuisset
3818 928 4055 993 aditus.
4099 929 4229 991 Er-

2728 1051 2815 1115 go
2845 1028 3204 1094 secundum
3233 1026 3401 1091 hanc
3428 1029 3725 1113 regulam
3755 1029 3908 1092 trib.
3937 1044 4228 1114 potestas

2728 1133 2902 1198 XXI.
2938 1130 3108 1217 apud
3144 1130 3383 1218 Tyrios
3414 1129 3585 1196 inire
3628 1130 3856 1195 debuit
3898 1130 4008 1195 die
4051 1132 4225 1192 XIX.

2729 1233 3041 1306 Octobris
3073 1234 3157 1302 V.
3184 1232 3255 1295 C.
3273 1219 3440 1318 869.

2810 1333 3145 1418 Principio
3194 1333 3465 1413 modus,
3527 1356 3722 1420 quem
3775 1336 3879 1400 vir
3934 1333 4228 1399 eruditus

2728 1437 2808 1502 ad
2859 1436 3314 1521 explicandum
3365 1436 3537 1498 istud
3589 1438 3890 1521 aenigma
3951 1436 4228 1512 invenit,

2727 1553 3229 1625 praeposterus,
3282 1552 3347 1601 et
3396 1559 3692 1622 pugnare
3736 1559 3896 1601 cum
3939 1540 4082 1622 ipsa
4132 1561 4230 1600 ra·

2727 1644 2909 1705 tione
2991 1639 3352 1728 videbatur.
3460 1641 3567 1701 An
3635 1639 3848 1717 enim,
3941 1640 4226 1721 ajebam,

2729 1744 2915 1807 licuit
2965 1741 3477 1827 provincialibus
3529 1741 3726 1804 alium
3775 1755 4069 1805 statuere
4113 1743 4230 1804 ite·

2727 1845 2969 1908 rendae
3030 1843 3180 1909 trib.
3232 1842 3572 1928 potestatis
3641 1843 3949 1919 modum,
4042 1866 4227 1930 quam

2732 1967 2927 2029 quem
2966 1945 3108 2029 ipse
3145 1933 3495 2036 prinqeps',
3540 1966 3618 2008 ac
3662 1959 3926 2010 senatus
3962 1949 4041 2009 R.
4079 1967 4227 2009 eou-

2733 2050 2973 2125 stituit,
3031 2045 3580 2132 obserravitque?
3635 2068 3759 2130 qua
3805 2049 4059 2111 ratione
4108 2051 4230 2129 ‘ry-

2733 2149 2819 2212 rii
2866 2148 3300 2226 tribunatum,
3351 2148 3498 2233 qui,
3554 2149 3679 2212 etsi
3732 2149 4005 2233 singulis
4053 2149 4227 2211 annis

2733 2264 3123 2328 renovatus,
3190 2250 3339 2312 anni
3397 2265 3610 2314 tannen
3665 2250 3884 2314 vicem
3937 2253 4067 2313 non
4122 2250 4227 2313 ob·

2733 2352 2962 2431 tinuit,
3022 2365 3330 2436 poterant
3377 2352 3444 2414 in
3496 2372 3697 2416 annos
3755 2373 3911 2416 suae
3965 2352 4228 2415 rationis

2735 2455 3181 2519 convertere?
3248 2453 3598 2542 Novimus,
3662 2453 3956 2539 singulos
4013 2455 4230 2538 Augu·

2734 2568 2866 2619 atos
2901 2556 3220 2633 natalem,
3279 2576 3409 2640 quo
3456 2555 3804 2638 imperium
3854 2556 4224 2634 obtinuere,

2736 2670 2804 2720 et
2868 2657 3019 2722 trib.
3068 2671 3457 2742 potestatem
3518 2678 3967 2736 renovavere,
4039 2679 4227 2743 pecu·

2735 2759 2881 2821 liari
2920 2759 3117 2824 modo
3153 2760 3565 2838 celebrasse,
3602 2773 3668 2823 et
3702 2782 3828 2844 per
3862 2760 4221 2843 provincias

2734 2861 3059 2926 celebrari
3100 2861 3404 2945 jussisse,
3452 2861 3547 2926 uti
3592 2863 3933 2940 novimus,
3989 2863 4225 2945 Vespa-

2735 2963 2917 3025 siano
2963 2962 3287 3047 placuisse
3329 2962 3652 3028 Kalendas
3699 2965 3893 3028 Iulias
3941 2969 4038 3046 e),
4103 2966 4224 3025 Ha·

2737 3064 2967 3127 driano
3019 3068 3128 3129 111.
3187 3065 3332 3129 idus
3380 3066 3660 3149 Augusti
3707 3065 3805 3149 d),
3872 3087 4037 3151 ergo
4085 3087 4218 3129 cum

2735 3169 3030 3244 Romae,
3079 3188 3155 3230 ac
3201 3189 3325 3253 per
3370 3167 3738 3252 provincias
3788 3190 3872 3231 ex
3913 3171 4217 3232 sententia

2738 3268 3000 3351 Belleyi
3056 3268 3162 3333 die
3218 3272 3453 3336 XVIII.
3507 3269 3916 3354 Septembris
3959 3276 4220 3353 concep·

2739 3369 2823 3433 tis
2876 3374 3046 3436 votis
3081 3384 3412 3455 ‘ageretur
3466 3372 3612 3434 XX.
3657 3372 3924 3455 Trajani
3976 3372 4215 3446 natalis,

2743 3471 3026 3536 eundem
3078 3487 3145 3536 et
3189 3493 3393 3558 egere
3444 3473 3668 3556 Tyrii,
3720 3474 3815 3538 sic
3864 3488 4107 3550 tamen,
4150 3485 4213 3534 ut

2743 3568 2971 3637 solidis
3002 3575 3116 3639 XI.
3150 3574 3482 3638 mensibus
3521 3575 3673 3641 trib.
3706 3589 4088 3660 potestatem
4118 3595 4212 3638 an·

2740 3677 3191 3761 ticipaverint,
3244 3677 3426 3760 cujus
3461 3677 3759 3754 iteratio,
3807 3679 4035 3743 saltem
4071 3679 4212 3739 Tra·

2742 3780 2875 3863 jani
2923 3778 3135 3843 adhuc
3192 3792 3442 3857 aetate,
3519 3802 3557 3844 a
3603 3778 3780 3843 dieto
3832 3780 4027 3844 natali
4070 3797 4207 3862 pen·

2745 3880 2987 3945 debat?
3072 3880 3548 3965 Aegyptiorum
3621 3882 4028 3966 exemplum,
4090 3880 4207 3964 qui-

2744 3985 2866 4047 bus
2909 3982 3081 4046 adde
3123 3983 3496 4067 exemplum
3531 3980 3967 4054 Orientalium
4010 3982 4070 4046 iu
4107 4001 4206 4042 nu-

2743 4086 2867 4148 mis
2916 4079 4202 4162 ETOTZ.NEOT.1EPOT‚minus

2742 4200 2926 4250 recte
2983 4184 3290 4270 quadrat,
3356 4209 3502 4250 nam
3535 4186 3664 4249 illi
3718 4208 3922 4251 annos
3973 4182 4202 4270 imperii

2745 4289 3130 4366 Caesarum,
3172 4308 3306 4351 non
3354 4288 3755 4352 tribunitiam
3785 4302 4199 4374 potestatem,

1139 4388 1249 4474 qui
1297 4408 1536 4451 annum
1592 4385 1945 4484 secundum
1993 4389 2259 4473 imperii
2310 4392 2632 4476 Augusto-
2746 4388 2822 4454 ad
2875 4393 3024 4455 anni
3070 4387 3172 4455 sui
3212 4390 3498 4455 rationes
3532 4390 4195 4461 adcommodavet-unt,

1140 4511 1284 4553 rum
1337 4509 1602 4573 semper
1641 4511 1677 4552 a
1728 4489 1836 4553 die
1881 4491 2098 4575 primo
2140 4493 2386 4558 mensis
2422 4495 2633 4571 Thot,
2746 4513 2824 4557 ac
2878 4507 3232 4578 propterea
3288 4515 3422 4557 non
3483 4494 3961 4577 inscripserunt
4016 4492 4197 4560 nunti·

1174 4799 1187 4814 ⁶
1217 4711 1278 4780 a)
1315 4710 1455 4785 Psg.
1480 4720 1606 4775 458.

1145 4809 1287 4854 tien.
1480 4838 1483 4841 <

1839 4713 1911 4785 b)
1954 4713 2260 4791 Subplem.
2291 4716 2366 4772 ud
2397 4716 2570 4775 Vani.
2609 4737 2668 4792 p.
2691 4722 2783 4781 60.

3022 4721 3086 4793 e>
3125 4720 3313 4778 Τωῐι.
3344 4693 3512 4780 nist(
3533 4720 3607 4776 ιι.
3635 4731 3734 4793 ⁷9-
3951 4721 4018 4795 d)
4053 4719 4202 4797 spar-
