4509 5584
1621 550 2284 638 AVGVSTV&

378 742 606 792 narrat
644 725 998 792 Suetonius
1037 727 1141 811 ¹)t
1177 747 1300 791 nec
1324 728 1612 795 maltum
1646 733 1888 817 abfuit,

368 835 551 910 quin
590 835 827 894 statim
866 832 1175 893 diadema
1207 846 1529 910 sumeret,
1579 839 1887 915 speciem·

366 949 510 1008 que
523 935 951 1015 principalem
978 936 1053 994 ia
1079 938 1268 1014 regni
1279 934 1586 1015 sormam
1622 956 1887 1000 conver·

372 1046 573 1099 teret.
638 1036 951 1099 Ceterum
988 1055 1152 1119 quae
1192 1033 1394 1097 fuerit
1427 1056 1710 1101 coronae
1747 1039 1883 1101 lau-

373 1156 541 1201 reae
574 1137 735 1202 viris
777 1137 1138 1200 illustribus
1161 1160 1201 1200 a
1230 1137 1542 1201 Romanis
1578 1138 1885 1203 decretae

372 1238 791 1323 significatio,
828 1240 1037 1325 aptius
1074 1239 1474 1303 disseremus
1506 1239 1575 1302 in
1605 1254 1884 1309 tractatu

376 1338 466 1402 de
497 1340 682 1403 cultu
717 1342 946 1426 capitis
982 1342 1451 1426 Augustorum.

502 1443 813 1528 Denique
848 1445 1138 1509 insolens
1176 1442 1245 1505 in
1286 1443 1416 1506 boc
1456 1462 1717 1529 quoque
1763 1467 1880 1509 nu·

372 1563 490 1609 sno
537 1560 641 1610 est
681 1547 934 1611 metalli
975 1548 1319 1622 volumen,
1378 1544 1559 1630 quod
1604 1547 1708 1609 illi
1749 1569 1882 1613 ma·-

378 1648 544 1711 ximi
575 1649 826 1712 modali
864 1651 1187 1713 honorem
1227 1647 1495 1726 tribuit,
1539 1669 1704 1734 quae
1741 1630 1880 1737 quii-

368 1750 530 1815 dem
576 1772 770 1816 causa
815 1752 1165 1838 praecipua
1208 1762 1346 1826 est,
1403 1770 1523 1814 cur
1574 1771 1727 1814 eum
1762 1774 1878 1817 ex-

371 1854 478 1916 tra
539 1852 775 1917 urbem
841 1856 1165 1940 signatum
1222 1850 1522 1930 credam,
1599 1854 1750 1938 quia
1806 1856 1877 1918 in

368 1954 496 2019 bac
550 1955 752 2018 moris
786 1957 916 2020 hoc
968 1976 1131 2020 aevo
1184 1973 1316 2015 non
1371 1952 1496 2016 fuit
1528 1975 1763 2019 aureos
1803 1973 1873 2023 et

370 2071 727 2141 argenteos
786 2059 1051 2141 majoris
1094 2057 1347 2123 formae
1392 2060 1623 2126 ferire.
1705 2061 1871 2124 Con·

365 2160 692 2241 jecturam
733 2173 928 2244 auget
969 2172 1160 2243 typus
1217 2182 1521 2237 aversae,
1581 2161 1649 2224 in
1687 2163 1871 2247 cujus

366 2280 523 2323 area
552 2259 688 2322 dixi
721 2281 868 2326 esse
902 2284 1081 2325 aram
1115 2264 1499 2328 imminente
1538 2278 1872 2350 serpente,

368 2362 494 2425 sed
565 2382 760 2447 quam
836 2362 1010 2428 forte
1072 2365 1319 2428 rectius
1381 2368 1872 2451 Havercampus

368 2463 712 2546 mysticam
748 2465 1010 2529 Bacchi·
1033 2465 1257 2530 cistam
1286 2482 1515 2532 censet
1541 2466 1631 2552 Β),
1695 2469 1768 2531 Id
1816 2469 1873 2532 si

367 2585 608 2630 verum
632 2609 652 2643 ,
693 2566 1037 2649 probabile
1073 2581 1213 2649 est‚·
1250 2570 1572 2654 signatum
1617 2569 1686 2632 in
1714 2570 1873 2636 Asia

362 2669 845 2752 proconsulari,
875 2683 943 2732 et
973 2691 1121 2734 esse
1156 2670 1304 2754 jure
1332 2672 1511 2736 inter
1529 2673 1875 2758 Cistopho-

364 2791 483 2835 ros
525 2770 992 2851 referendum,
1052 2790 1329 2858 quorum
1371 2775 1598 2861 piures
1636 2774 1874 2839 eadem

358 2872 513 2937 fere
556 2885 773 2937 aetate
818 2893 972 2937 cum
1004 2874 1242 2961 ⁴capite
1283 2880 1376 2944 Μ.
1411 2876 1717 2957 Antonii,
1778 2878 1876 2940 in-

359 2975 727 3058 scriptione
771 2973 930 3039 item
969 2976 1276 3063 utrinque
1329 2979 1589 3056 Latina,
1633 2980 1873 3045 eodem

358 3076 743 3155 volumine,
787 3091 856 3142 et
902 3099 986 3142 ex
1043 3078 1282 3142 eodem
1326 3083 1596 3147 metallo
1633 3083 1870 3168 signati

360 3192 536 3245 sunt.
635 3176 832 3243 Addo
913 3179 1225 3244 indicium
1306 3181 1489 3246 aliud
1558 3205 1693 3247 non
1771 3207 1871 3250 as·

356 3278 816 3366 pei-nandum,
887 3280 1061 3346 hunc
1119 3282 1331 3367 ipsum
1388 3307 1655 3351 numum
1718 3289 1867 3374 plus

358 3381 622 3446 duobus
658 3381 939 3447 saeculis
977 3383 1050 3445 in
1082 3406 1313 3450 museo
1348 3388 1673 3453 Caesareo
1714 3410 1870 3454 con-

360 3484 702 3569 spicum,
764 3498 835 3549 et
880 3506 965 3548 ex
1002 3505 1086 3550 eo
1129 3484 1261 3570 jam
1301 3487 1552 3552 editum
1584 3513 1621 3556 a
1646 3492 1869 3556 Wolf-

365 3608 583 3674 gsngo
629 3586 872 3665 Laio,
916 3586 1375 3655 vindobonam
1411 3591 1675 3655 allatum
1708 3593 1867 3658 fuis-

362 3709 437 3753 se
500 3708 587 3753 ex
643 3688 928 3754 Oriente
983 3689 1067 3752 ab
1126 3691 1421 3776 Augerio
1485 3695 1861 3762 Busbeckio

360 3789 772 3855 Ferdinandi
799 3794 850 3856 1.
878 3791 1051 3876 Aug.
1077 3793 1249 3877 apud
1283 3798 1538 3860 ‘I'urcos
1571 3812 1858 3877 oratore,

360 3907 437 3956 ut
468 3892 690 3958 notavi
718 3893 783 3956 in
814 3893 1110 3959 Historia
1133 3896 1346 3961 musei
1377 3886 1684 3964 Caesarei
1714 3902 1858 3986 ejus

361 3995 662 4081 catalogo
684 3994 999 4080 praefixa.

352 4118 381 4143 Ι
882 4125 924 4165 ιο
1092 4078 1134 4117 ⁴
1298 4128 1342 4167 a

656 4198 877 4279 Caput
908 4199 1216 4265 Caesaris
1249 4205 1518 4270 nudam.

362 4298 538 4366 mP.
556 4298 931 4366 CAESAR.
963 4306 1272 4367 Victoria
1281 4305 1482 4388 globo
1506 4305 1854 4370 iusi-stent.

358 4399 502 4469 AV.
539 4403 685 4469 AR.
716 4404 920 4484 (Mus.
958 4404 1183 4487 Caes.)

486 4504 722 4581 Alias,
749 4505 870 4567 sed
882 4503 1261 4593 aedffi'cieem
1279 4506 1553 4589 elegans
1573 4518 1641 4571 et
1662 4504 1850 4572 olau-

3411 585 3505 653 85

1998 754 2148 795 sum
2214 731 2575 805 cancellis,
2635 729 2825 808 cujus
2879 731 3196 817 epistylio
3268 738 3510 802 inscri-

1960 836 1967 844 '
1989 846 2221 917 ptum.-
2275 835 2452 897 IMP.
2488 832 2866 907 CAESAR,
2899 833 3203 917 fastigio
3240 841 3512 904 insistit

2002 936 2316 998 Victoria
2344 954 2542 1016 super
2564 935 2784 1014 giobo.
2819 934 2962 997 AR.
2999 938 3206 1014 (Mus.
3229 938 3454 1023 Caes.)

2125 1034 2518 1097 Aedificium
2558 1034 2768 1111 istud,
2848 1034 3025 1118 quod
3071 1039 3301 1122 templi
3350 1061 3500 1125 spe.

1958 1214 1963 1219 ,
2001 1137 2171 1202 ciem
2216 1135 2529 1221 praebet,
2582 1136 2842 1201 videtur
2874 1157 3021 1199 esse
3078 1139 3257 1201 curia
3301 1140 3499 1217 Iulia,

2000 1261 2192 1324 quam
2231 1241 2362 1302 Dio
2398 1252 2722 1302 memorat
2759 1248 3156 1303 exstructam
3187 1241 3269 1304 ab
3304 1242 3504 1308 Octa·

1998 1343 2189 1407 niano
2218 1342 2285 1403 in
2313 1340 2514 1426 patris
2548 1340 2698 1402 Iulii
2728 1341 3107 1404 memoriam
3130 1386 3147 1420 ,
3199 1357 3268 1407 et
3296 1346 3380 1413 V.
3419 1347 3500 1414 C.

1995 1448 2124 1528 725
2161 1445 2524 1508 dedicatam
2547 1486 2567 1521 ‚
2617 1430 3022 1529 positamque
3063 1446 3128 1507 in
3164 1466 3241 1508 ea
3264 1444 3498 1532 imagi-

1992 1569 2146 1611 nem
2178 1547 2518 1617 Victoriae
2545 1550 2840 1612 'I'arento
2870 1547 3030 1610 olim
3062 1545 3375 1613 advectae
3407 1547 3495 1630 θ).

1991 1650 2227 1728 Addit,
2265 1672 2406 1713 eam
2435 1663 2706 1712 statuam
2747 1672 2862 1712 sua
2896 1647 3116 1737 adhuc·
3139 1663 3350 1715 aetate
3381 1673 3499 1716 ex·

1988 1753 2496 1845 stitisse‚'cujus
2528 1752 2725 1814 etiam
2755 1752 3157 1814 mentionem
3181 1750 3334 1815 facit
3359 1755 3497 1818 He·

1990 1854 2302 1919 rodianus
2346 1852 2435 1936 d).
2516 1854 2592 1916 Id
2638 1854 3055 1917 simulacrum
3102 1852 3170 1914 in
3212 1853 3496 1940 Augusti
3561 1889 3582 1912 .

1986 1957 2223 2021 funere
2270 1955 2474 2018 fuisse
2508 1968 2989 2042 praegestatum
3028 1955 3225 2018 docet
3259 1942 3495 2021 Sueto·

1986 2060 2135 2122 nius
2178 2061 2275 2140 θ),
2313 2058 2567 2143 fuitque
2604 2058 2897 2124 Victoria
2929 2057 3056 2121 hoc
3089 2060 3274 2121 cultu
3308 2060 3495 2124 velut

1988 2160 2315 2245 quoddam
2339 2158 2599 2243 imperii
2628 2160 2904 2243 insigne,
2938 2172 3004 2221 et
3034 2159 3323 2243 quamvis
3343 2161 3494 2223 sub-

1986 2263 2113 2324 lata
2159 2261 2239 2324 ab
2288 2261 2795 2345 imperatoribus
2832 2260 3076 2324 Christi
3108 2259 3303 2324 fidem
3336 2283 3491 2346 pro·

1984 2364 2209 2442 fessis,
2260 2377 2329 2426 ut
2358 2362 2598 2427 docent
2633 2357 3052 2440 Ambrosius,
3093 2377 3161 2426 et
3188 2365 3489 2429 Pruden-

1983 2465 2113 2530 tius
2154 2479 2381 2531 contra
2428 2466 2915 2548 Symmachum,
2950 2478 3167 2529 tamen
3203 2465 3486 2532 eandem

1982 2567 2188 2653 ipsam
2232 2568 2303 2630 in
2336 2567 2551 2630 numia
2593 2566 2799 2629 infimi
2837 2568 2983 2632 aevi
3024 2569 3323 2634 videmus
3367 2569 3491 2635 im·

1986 2683 2369 2755 paratorum
2402 2668 2679 2734 dextera
2710 2670 3065 2755 praeferri.

2716 2770 2756 2810 4

2506 2820 2547 2860 ἦ
2923 2819 2965 2859 Ο

2287 2866 2631 2942 ”Proeome
2663 2874 2963 2938 Dianae.

1988 2981 2165 3043 IMP.
2182 2980 2551 3043 CAESAR.
2571 2977 2970 3058 inscriptum
2993 2975 3311 3061 eplstylio
3327 2988 3488 3041 tem·

1980 3082 2089 3165 pli
2120 3090 2165 3157 4
2216 3082 2706 3153 columnarum,
2755 3079 2943 3139 intra
2991 3079 3307 3159 templum
3352 3091 3489 3141 ero·

1975 3203 2219 3266 paeum
2273 3185 2514 3246 navale
2530 3225 2551 3258 ,
2605 3198 2885 3261 superna
2928 3181 3302 3258 ενίᾳιιιπνα.ἱ
3335 3180 3484 3249 AV.

1983 3286 2185 3367 (Mus.
2220 3285 2445 3366 Caes.)
2488 3283 2633 3346 AR.
2666 3277 2954 3357 denarii,
2997 3291 3069 3343 et
3103 3300 3276 3347 max.
3302 3282 3481 3347 mod.

1982 3387 2284 3470 (Morelli
2310 3390 2517 3471 Impp.
2546 3405 2612 3469 p.
2637 3384 2813 3463 259.)

2105 3491 2356 3568 Diana,
2426 3501 2770 3570 tropaeum
2822 3481 3090 3561 navale,
3154 3481 3521 3571 triquetra⁴

1977 3589 2062 3655 ad
2092 3606 2492 3676 postremam
2541 3583 2882 3652 Octaviani
2926 3583 3009 3647 ad
3053 3585 3481 3651 Artemisium

1976 3694 2239 3758 Siciliae
2277 3692 2361 3756 de
2412 3694 2568 3756 Sex.
2618 3686 2942 3771 Pompeio
2999 3683 3345 3753 victoriam
3390 3689 3479 3754 ad

1974 3796 2242 3875 ludunt,
2300 3795 2384 3858 de
2426 3788 2786 3878 qua‘vide,
2848 3808 3014 3874 quae
3063 3793 3477 3858 monebimus

1972 3900 2054 3963 ad
2102 3919 2337 3961 numos
2383 3897 2535 3961 anni
2585 3893 2668 3962 V.
2691 3893 2768 3956 C.
2813 3892 2978 3968 733,
3037 3897 3280 3959 nam-is
3329 3896 3474 3980 ejus

1968 4000 2127 4065 facti
2159 3999 2541 4063 memoriam
2581 3998 2880 4083 pluribus
2909 3997 3122 4063 adhuc
3153 3996 3470 4081 deinceps

1970 4101 2154 4167 annis
2189 4102 2260 4164 in
2299 4114 2561 4166 moneta
2588 4100 2972 4165 celebravit.

2486 4248 2525 4285 ὓ
2693 4199 2735 4240 ὑ
2902 4247 2943 4287 ἦ

2266 4306 2483 4381 Caput
2520 4302 2833 4367 Caesaris
2866 4303 3266 4367 laureatum.

1963 4407 2141 4469 IMP.
2176 4405 2544 4470 CAESAR.
2593 4405 2916 4468 Columna
2945 4409 3169 4470 navim
3200 4408 3464 4481 rostris,

1962 4522 2033 4573 et
2059 4511 2330 4573 ancoris
2360 4519 2729 4581 exornata,
2783 4527 2984 4589 super
3026 4526 3161 4586 qua
3179 4509 3464 4570 ·s1'mula-

428 4712 595 4783 s)1n
622 4709 817 4789 Calig.
857 4723 1020 4776 αἲ).

358 4805 416 4875 e)
451 4803 600 4879 Cap.
631 4816 760 4864 100.
822 4854 835 4861 -

1240 4713 1312 4787 b)
1353 4714 1585 4774 Mon-elli
1616 4713 1810 4794 Impp.
1849 4734 1912 4794 p.
1935 4719 2062 4782 263.

2285 4716 2348 4789 c)
2387 4715 2452 4772 L.
2481 4712 2576 4775 LI.
2616 4733 2667 4773 e.
2700 4725 2793 4777 22.
3013 4714 3083 4788 d)
3124 4713 3186 4773 in
3211 4712 3458 4792 Elagab.
