4509 5584
1569 565 2336 653 HADRIANV'S.

388 750 598 814 lidum
676 745 857 812 addit
933 747 1300 824 Hadriano,
1348 765 1652 812 necesse
1725 749 1891 828 erit,

386 849 766 917 tantundem
811 850 1134 934 temporis
1178 848 1475 912 adimere
1527 851 1894 916 successori

386 953 758 1030 Antonino,
818 972 891 1016 ac
946 966 1089 1016 tum
1141 950 1416 1029 viderit,
1478 952 1543 1012 in
1598 975 1761 1039 quos
1815 975 1888 1017 se

387 1059 661 1142 laqueos
711 1053 1021 1120 induerit.
1076 1055 1372 1129 Recole,
1418 1074 1588 1138 quae
1633 1055 1702 1119 in
1746 1078 1892 1139 par-

383 1173 453 1222 te
488 1162 538 1225 1.
574 1158 767 1241 hujus
814 1156 1035 1240 operis
1089 1155 1170 1219 ad
1223 1176 1454 1219 numos
1503 1156 1895 1221 Alexandri-

384 1282 505 1323 nos
557 1259 870 1322 Antonini
912 1258 1017 1320 Pii
1064 1257 1555 1322 observavimus
1600 1262 1686 1339 α).
1754 1259 1889 1323 Sed

387 1376 456 1424 et
498 1361 736 1444 Pagius
770 1363 958 1424 “hanc
1015 1360 1260 1424 Norisii
1320 1360 1700 1444 opinionem
1755 1362 1885 1426 late

338 1485 347 1492 ·
385 1463 628 1525 refutat
655 1461 746 1541 ¹³).

469 1564 623 1627 Fuit
656 1563 1024 1627 Hadrianus
1067 1563 1248 1628 inter
1278 1564 1610 1649 principes
1647 1563 1731 1627 de
1770 1563 1888 1626 im-

382 1667 574 1750 perio
635 1669 932 1732 Romano
1001 1666 1247 1749 optime
1318 1666 1592 1730 meritos
1660 1686 1887 1729 nume-

380 1768 623 1833 randus
645 1814 664 1848 ,
729 1769 854 1833 etsi
912 1767 1203 1851 ingentia
1261 1769 1416 1834 vitia
1468 1788 1601 1830 non
1652 1789 1884 1850 parum

385 1873 527 1954 ejus
580 1891 780 1936 verae
837 1855 1015 1932 laudi
1070 1869 1434 1933 detrahant.
1510 1870 1582 1940 Si
1622 1869 1885 1953 biogra-

380 1975 586 2057 phum
663 1971 1110 2056 spartianum,
1186 1973 1604 2058 Dionemque
1667 1971 1884 2035 audia-

382 2097 563 2152 mus,
622 2096 756 2138 non
814 2074 1013 2137 alium
1068 2074 1276 2157 magis
1323 2074 1690 2157 principem
1732 2094 1883 2157 per-

382 2177 539 2240 inde
584 2197 866 2254 summa,
929 2190 1121 2262 atquc
1167 2176 1385 2240 infima
1427 2176 1690 2260 imperii
1732 2197 1881 2258 pro·

384 2299 647 2344 curasse
688 2281 994 2362 legimus.
1074 2278 1285 2372 Quam
1341 2277 1454 2341 ille
1511 2276 1879 2341 indefessus

383 2381 684 2462 fueritin
724 2380 1043 2444 obeundis
1077 2380 1578 2463 totius‘imperii
1617 2380 1879 2465 provin-

385 2485 542 2561 ciis,
609 2496 803 2568 atque
861 2481 1198 2560 omnibus,
1261 2504 1384 2568 qua
1426 2482 1580 2545 illae
1627 2483 1879 2546 labora-

382 2599 571 2664 rent,
620 2606 745 2668 per
789 2605 860 2650 se
905 2586 1117 2669 ipsum
1160 2582 1622 2667 inspiciendis,
1685 2606 1875 2669 quam

383 2709 655 2754 severus
715 2688 784 2749 in
848 2688 1055 2750 milite
1122 2685 1508 2770 disciplinae
1576 2700 1874 2764 exactor,

228 2821 237 2828 ·
308 2817 313 2822 ·
384 2812 705 2876 quamque
766 2791 884 2876 ille
940 2787 1317 2852 non'ducis
1381 2787 1622 2871 magis,
1684 2809 1875 2872 quam

384 2892 850 2956 commilitonis
896 2912 1129 2953 munus
1179 2891 1604 2975 fungeretur,
1658 2894 1877 2974 copio-

383 2995 515 3058 sius
552 2995 619 3057 in
660 2993 1075 3079 sequentium
1113 3014 1461 3056 numorum
1500 2992 1879 3075 explicatio-

380 3119 466 3161 ne
512 3096 928 3161 disseremus.
1000 3093 1220 3159 Comis
1272 3113 1436 3158 vero
1492 3094 1559 3154 in
1617 3114 1877 3171 omnes,

383 3212 453 3261 et
501 3198 714 3263 facilis
764 3218 963 3282 saepe
1009 3199 1369 3261 amicorum
1419 3195 1734 3260 conviviis
1782 3196 1878 3258 in·

382 3301 646 3380 terfuit,
699 3322 935 3386 aegros
981 3300 1173 3363 etiam
1213 3299 1531 3381 tenuioris
1572 3300 1872 3362 fortunae

381 3403 482 3464 bis
540 3424 614 3467 ae
667 3417 775 3466 ter
815 3404 883 3465 in
928 3402 1037 3467 die
1080 3402 1330 3479 invisit,
1390 3400 1634 3465 solatiis
1677 3399 1871 3476 fovit,

382 3505 602 3569 omnia
647 3504 931 3591 denique
983 3487 1064 3568 ad
1116 3503 1354 3588 privati
1409 3502 1690 3567 hominis
1740 3524 1875 3565 mo·

381 3606 538 3669 dum
594 3606 776 3670 fecit.
863 3608 954 3673 Vt
1012 3606 1351 3689 privatim,
1412 3605 1506 3670 sie
1549 3620 1618 3669 et
1662 3603 1876 3688 publi-

384 3731 464 3774 ce
500 3709 795 3773 liberalis
828 3729 964 3772 non
1007 3707 1203 3773 modo
1252 3709 1547 3774 debitum
1590 3706 1734 3772 fisci
1779 3707 1874 3769 in-

380 3832 582 3894 gens,
643 3809 820 3896 quod
879 3810 963 3874 ad
1016 3833 1253 3875 annum
1307 3814 1389 3879 V.
1426 3812 1498 3878 C.
1543 3811 1661 3892 872
1710 3809 1874 3873 vidi-

379 3935 564 3991 mus,
648 3913 895 3998 populo
977 3913 1264 3989 remisit,
1355 3926 1423 3975 et
1501 3911 1871 3996 provincias

381 4015 685 4079 damnum
730 4037 947 4100 passas
986 4014 1227 4078 collato
1272 4034 1428 4078 aere
1474 4012 1869 4090 sublevavit,

379 4117 498 4181 sed
538 4117 731 4182 etiam
774 4116 1013 4181 erectis
1062 4115 1326 4200 templis
1371 4112 1874 4198 magnificentis-

380 4220 593 4296 simis,
652 4219 929 4284 Athenis
979 4217 1369 4303 praecipue,
1425 4237 1581 4302 quas
1622 4215 1873 4298 impen-

377 4342 451 4385 se
513 4320 777 4397 dilexit,
850 4342 925 4385 ac
989 4319 1252 4405 Cyzici,
1325 4316 1870 4403 aquaeductibus,

377 4423 731 4509 portubus,
766 4423 1027 4486 urbium
1058 4436 1190 4487 tam
1226 4434 1641 4499 ornamento,
1678 4441 1869 4506 quam

450 4656 513 4725 a)
550 4650 686 4708 vol.
717 4648 818 4708 IV.
848 4669 908 4726 p.
934 4636 1027 4713 75'.

374 4743 585 4801 Victor
610 4741 673 4799 in
698 4738 851 4815 Epit.
1000 4740 1063 4810 c)
1101 4737 1163 4795 in
1192 4736 1480 4814 Epitome.

1173 4647 1245 4719 b)
1282 4649 1528 4705 Dissert.
1557 4647 1760 4725 hypat.
1793 4647 1855 4705 P.
1884 4647 1929 4707 1.
1963 4665 2014 4708 c.
2048 4656 2101 4710 lt.

3351 602 3502 675 1483

2009 747 2370 814 commodis
2437 737 2786 815 consuluit.
2874 754 3194 838 Superest
3251 755 3504 830 Romae

2008 851 2369 936 stupendae
2429 850 2622 915 molis
2676 854 3051 937 sepulcrum
3109 878 3146 920 a
3179 879 3275 922 se
3328 860 3509 944 juxta

2009 953 2308 1017 Tiberim
2373 954 2742 1034 conditum,
2805 956 3170 1023 adcuratius
3232 961 3505 1047 reliquis

2009 1054 2413 1142 descriptum
2473 1080 2510 1121 a
2560 1058 2930 1140 Procopio,
2993 1075 3060 1123 et
3111 1060 3352 1126 rudera
3398 1066 3507 1126 Ti-

2005 1151 2311 1236 burtina,
2374 1157 2515 1242 ejus
2579 1160 3100 1244 magnificentiae
3163 1179 3507 1229 aeternum

2005 1274 2537 1337 monumentum,
2600 1281 2728 1345 quo
2785 1260 2853 1322 in
2908 1262 3094 1343 loco,
3159 1279 3231 1329 ut
3287 1285 3510 1332 narrat

2008 1360 2385 1443 Spartianus
2432 1362 2526 1443 c),
2609 1361 2734 1424 sibi
2781 1363 3005 1427 villam
3061 1368 3228 1430 mire
3285 1369 3506 1450 aedifi·
3597 1393 3608 1405 ·

2006 1462 2209 1539 cavit,
2287 1462 2375 1524 ita
2437 1475 2509 1524 ut
2567 1463 2634 1524 in
2703 1485 2782 1527 ea
2846 1480 2913 1528 et
2976 1469 3501 1551 provinciarum,

2005 1576 2073 1625 et
2114 1563 2414 1626 locorum
2471 1564 2907 1629 celeberrima
2966 1571 3226 1635 nomina
3278 1572 3511 1636 inscri-

2001 1664 2234 1740 beret,
2337 1663 2521 1729 velut
2606 1668 2938 1750 Lyceum,
3042 1673 3504 1754 Academiam,

2000 1769 2434 1851 Prytaueum,
2485 1770 2856 1854 Canopum,
2899 1775 3254 1854 Poecilen,
3312 1778 3507 1841 Tem-

1998 1889 2087 1952 pe
2148 1883 2434 1936 vocaret.
2513 1871 2657 1933 Etsi
2717 1872 2870 1935 inde
2930 1873 3010 1936 ab
3070 1875 3243 1939 adito
3301 1877 3509 1962 impe-

1997 1971 2102 2034 rio
2164 1971 2448 2035 tuendae
2503 1994 2629 2058 per
2677 1988 3011 2039 terrarum
3066 1975 3297 2041 orbem
3351 1980 3500 2061 paci

1964 2093 2270 2157 „operam
2324 2094 2585 2137 omnem
2637 2075 2990 2159 impendit,
3050 2100 3175 2164 qua
3225 2079 3308 2144 de
3354 2101 3503 2144 cau-

1997 2197 2068 2239 sa
2128 2176 2546 2254 Armeniam,
2628 2179 3049 2265 reliquasque
3115 2194 3295 2244 trans
3367 2184 3501 2244 Eu-

1993 2278 2294 2362 phratem
2331 2279 2572 2361 positas
2612 2280 2958 2362 regiones,
3010 2282 3317 2345 nimirum
3350 2305 3503 2369 per-

1995 2383 2264 2462 petuum
2309 2379 2641 2472 bellorum
2682 2381 2980 2446 fomitem
3013 2386 3190 2447 ultro
3223 2385 3498 2469 abjecit,

1993 2503 2124 2545 non
2174 2496 2394 2546 tamen
2445 2483 2726 2545 militem
2771 2473 3012 2569 ignavo
3056 2488 3192 2552 otio
3242 2488 3500 2553 difflue·

1993 2603 2069 2648 re
2113 2606 2339 2668 passus
2384 2599 2517 2662 est,
2584 2585 2703 2648 sed
2760 2602 3145 2673 occupatum
3202 2611 3497 2675 semper,

1994 2699 2060 2747 et
2096 2687 2163 2747 in
2200 2708 2532 2750 armorum
2573 2689 2843 2772 negotio
2879 2689 3219 2752 adsiduum
3255 2694 3495 2770 tenuit,

1993 2807 2124 2871 quo
2167 2786 2444 2866 factum,
2490 2803 2562 2851 ut
2605 2804 2673 2853 et
2717 2790 2964 2853 exteris
3009 2805 3187 2855 esset
3230 2813 3495 2877 semper

1991 2888 2416 2982 formidatus,
2480 2904 2548 2953 et
2602 2903 2674 2953 ut
2729 2890 2978 2954 bellum
3035 2892 3178 2976 ipse
3237 2894 3491 2959 nullum

1992 2990 2231 3068 movit,
2284 2991 2377 3054 sic
2421 3006 2597 3056 mota
2637 2991 3327 3079 facilecomponeret.
3394 3002 3494 3060 ln·

1992 3105 2098 3156 ter
2155 3093 2362 3156 serias
2414 3095 2530 3156 bas
2580 3094 2843 3178 imperii
2886 3099 3348 3182 occupationes
3393 3123 3495 3164 su-

1991 3194 2240 3279 perfuit
2286 3208 2500 3259 tamen
2544 3210 2839 3281 tempus,
2899 3197 3076 3282 quod
3129 3221 3245 3263 seu
3303 3222 3494 3266 exer·

1996 3297 2148 3360 citio
2195 3298 2527 3382 corporis,
2588 3320 2707 3363 seu
2749 3299 3043 3363 honestis
3085 3301 3331 3367 artibus
3375 3306 3495 3367 im-

1990 3398 2337 3483 penderet.
2444 3399 2734 3466 Venatus
2817 3402 3117 3487 pertinax
3203 3402 3488 3468 studium

1988 3501 2169 3563 numi
2219 3501 2345 3585 ipsi
2402 3503 2927 3586 suppeditabunt.
3000 3504 3272 3570 Graecis
3323 3527 3487 3571 vero

1993 3602 2221 3666 studiis
2274 3616 2449 3668 tanta
2502 3604 2655 3670 inde
2709 3628 2747 3670 a
2800 3627 3016 3691 puero
3064 3609 3486 3674 contentione

1989 3704 2114 3769 fuit
2157 3705 2460 3784 deditus,
2514 3722 2586 3771 ut
2629 3709 2991 3774 Graeculus
3042 3710 3185 3796 ipse
3241 3736 3277 3777 a
3331 3735 3493 3777 non-

1986 3808 2187 3871 nullis
2230 3808 2566 3873 diceretur
2608 3809 2695 3894 d).
2759 3815 2992 3898 Neque
3036 3814 3485 3879 arithmeticae

1986 3910 2223 3986 modo,
2286 3913 2729 3995 geometriae,
2789 3900 3123 3998 picturae,
3181 3930 3249 3980 et
3292 3919 3502 3981 musi-⁹

1987 4030 2101 4074 cae
2135 4013 2436 4094 peritiam
2465 4014 2801 4096 professus
2837 4030 2971 4104 est,
3007 4015 3125 4079 sed
3158 4019 3356 4080 etiam
3388 4040 3488 4082 ar-

1986 4126 2123 4175 tem
2182 4111 2476 4198 fingendi
2536 4134 2619 4177 ex
2681 4137 2875 4192 aere,
2946 4118 3056 4183 vel
3113 4139 3481 4197 marmore,

1988 4234 2070 4275 an
2105 4232 2266 4276 vero
2297 4215 2599 4296 proxime
2631 4216 3039 4301 Polycletus,
3085 4232 3153 4283 et
3188 4223 3484 4306 Euphra-

1985 4333 2218 4392 noras,
2306 4315 2601 4394 Victori,
2690 4319 2802 4405 qui
2873 4319 3049 4383 istud
3121 4325 3479 4389 memoriae

1983 4416 2306 4505 prodidit,
2344 4438 2479 4482 non
2508 4433 2764 4486 temere
2793 4422 3123 4487 credimus
3153 4427 3236 4507 e).
3282 4427 3485 4491 Pere-

2255 4650 2317 4720 o>
2356 4646 2416 4705 in
2447 4647 2629 4707 Hadr.
2655 4647 2789 4710 sub.
2817 4648 2919 4711 fin.
3072 4650 3143 4726 d)
3185 4654 3474 4732 Spartian.

2776 4835 3088 4920 Pppn
