4509 5584
1614 546 2257 624 MAROEANA·

519 724 685 787 Cum
722 722 797 785 iu
828 744 1029 789 numo
1063 732 1423 814 praesente
1441 719 1703 786 Plotina
1733 718 1883 784 diva
2000 773 2007 780 .

388 822 682 902 dicatur,
756 825 906 910 jure
964 825 1179 909 arguit
1234 822 1655 900 Vaillantius,
1727 841 1881 887 eum

380 944 521 989 nou
557 948 596 989 a
639 927 955 1010 Traiano,
1001 926 1113 1012 qui
1141 945 1352 991 uxore
1381 923 1732 1007 superstite
1767 921 1880 985 de-

384 1027 619 1105 cessit,
679 1027 873 1093 feriri
927 1027 1245 1115 potuisse.
1327 1025 1629 1109 Signatus
1674 1023 1879 1109 igitur

383 1140 488 1196 est
528 1127 610 1191 ab
652 1129 1025 1208 Hadriano,
1083 1130 1209 1194 etsi
1248 1126 1442 1210 hujus
1484 1146 1728 1190 nomen
1770 1144 1875 1189 re·

378 1228 693 1306 ticeatur,
736 1230 803 1292 in
840 1231 1165 1295 honorem
1198 1229 1516 1314 majorum
1537 1275 1554 1305 ‚
1600 1228 1712 1312 qui
1747 1225 1875 1291 sibi

374 1349 503 1413 per
560 1329 980 1416 adoptionem
1041 1351 1406 1395 accessere.
1486 1330 1735 1393 Mirum
1783 1341 1875 1392 ta·

376 1452 575 1514 guen,
631 1445 826 1517 atque
871 1431 1137 1522 omnino
1180 1432 1513 1515 singulare
1559 1429 1716 1514 quid
1756 1450 1873 1494 nu-

374 1554 521 1596 mus
562 1533 676 1597 hic
719 1532 965 1612 offert‚
1019 1532 1328 1596 nimirum
1378 1533 1435 1595 si
1491 1533 1549 1596 is
1607 1544 1867 1595 mortuo

374 1637 660 1719 Traiano
698 1637 984 1720 signatus
1021 1649 1153 1711 est,
1214 1633 1424 1697 omitti
1463 1653 1708 1697 nomen
1750 1634 1871 1694 DI-

370 1739 505 1810 Vl,
557 1738 736 1823 quod
778 1752 997 1801 tamen
1050 1736 1309 1800 additur
1354 1737 1435 1799 ad
1481 1747 1672 1818 caput
1718 1735 1871 1796 Plo·

378 1840 596 1918 tinae,
663 1857 828 1924 quae
878 1837 1176 1922 pluribus
1219 1848 1369 1918 post
1414 1836 1716 1898 maritum
1762 1855 1872 1920 an>-

374 1940 822 2016 nis-mortua,
875 1951 947 2002 et
998 1950 1375 2002 consecrata
1430 1935 1695 1999 demum
1747 1949 1870 2000 est.

370 2044 634 2110 ‚Verum
704 2041 1023 2112 habeatur
1088 2037 1257 2102 fides
1327 2036 1678 2107 Vaillantio
1694 2084 1714 2117 ,
1801 2051 1873 2102 et

375 2143 728 2221 morellio,
778 2141 890 2227 qui
923 2159 1077 2206 eum
1107 2159 1190 2204 ex
1222 2159 1451 2204 museo
1495 2140 1690 2224 regio
1732 2139 1869 2205 edi,

377 2246 578 2322 dere,
634 2257 702 2308 et
743 2242 1013 2308 Liebeo‘
1042 2253 1375 2325 autoptae,
1433 2242 1546 2326 qui
1586 2242 1867 2308 similem

372 2366 562 2418 suum
622 2365 706 2409 ex
757 2362 986 2410 museo
1035 2341 1553 2428 Saxo-gothano
1603 2344 1871 2411 adcura-

382 2445 514 2511 tius
546 2445 868 2530 vulgavit.

3345 575 3488 653 462

2244 716 2456 784 Numi
2494 725 2844 789 commatis
2878 733 3232 811 peregn'm'.

1997 884 2276 949 Vrbium
2320 882 2698 951 liberarum.

2114 1040 2282 1104 Bari
2332 1054 2480 1105 sunt
2531 1042 2721 1126 hujus
2765 1047 2990 1111 classis
3028 1055 3246 1132 numi,
3311 1078 3479 1142 quos

1986 1138 2216 1207 videre
2278 1155 2382 1206 est
2440 1142 2612 1226 apud
2669 1144 3125 1232 Vaillantium‚
3199 1158 3481 1225 Pelleri-

1986 1545 2054 1608 in
2114 1566 2245 1631 quo
2306 1548 2702 1616 exhibentur
2761 1558 2972 1639 capita
3017 1560 3350 1642 Plotinae,
3407 1584 3478 1633 et

1983 1648 2329 1726 Matidiae,
2409 1650 2532 1713 etsi
2587 1652 2656 1713 in
2717 1656 2843 1719 hoc
2903 1659 3142 1726 misere
3209 1671 3476 1753 vapulet

1985 1747 2483 1833 orthographia,
2543 1773 2692 1816 cum
2734 1755 2965 1822 harum
3009 1766 3270 1830 nomina
3311 1770 3473 1834 scri-

1982 1861 2092 1932 pta
2147 1849 2451 1934 legantur
2504 1852 2632 1919 hoc
2687 1856 2921 1922 modo:
2983 1858 3361 1931 ΠΛΩΤΤ.
3408 1885 3476 1934 et

1984 1946 2297 2014 MATT.

1991 2136 2455 2204 Coloniarum.-

2027 2356 2044 2371 .
2108 2257 2360 2320 Harum
2385 2260 2567 2324 numi
2597 2263 2926 2347 prioribus
2961 2283 3108 2333 sunt
3140 2271 3484 2342 multura·-

1984 2376 2231 2423 rtores.
3194 2390 3212 2402 ‘

1650 2728 1867 2794 PRE
1889 2731 2209 2804 TIVM..

364 2849 733 2912 commatis·
771 2846 1107 2910 Romani:
2883 2911 2894 2916 -

760 2947 1003 3023 Aurei,
1047 2958 1117 3011 et
1157 2948 1455 3030 argentei
1555 3007 1561 3020 ,
2865 2968 3008 3036 ΒἩ.

758 3046 972 3110 Aenei
1014 3048 1064 3110 1.
1107 3045 1358 3112 formae
2864 3072 3063 3135 RRR.

755 3147 969 3212 Aenei
999 3150 1047 3207 1.
1082 3159 1149 3209 et
1180 3149 1261 3214 11.
1295 3146 1546 3214 formae
2865 3171 2951 3237 Ο.

359 3250 726 3313 Commatis
761 3251 1100 3328 peregrini
1109 3270 1136 3309 .·

440 3361 451 3376 ·
754 3347 1033 3413 Vrbium
1070 3347 1436 3413 liberarum-
2856 3371 3002 3439 RB.

759 3447 1179 3520 Coloniarum
1306 3482 1334 3497 -
2474 3499 2510 3515 -
2857 3474 3060 3539 ΗΒΕ.

754 3548 1193 3642 Alexandrini
1264 3572 1277 3584 ²
1297 3582 1328 3600 ·
2851 3574 2944 3641 0.

1576 3925 2050 3993 MARGJA
2066 3917 2243 3997 NA.

486 4099 753 4185 'l'rajani
791 4116 1015 4175 soror,
1042 4097 1385 4175 Matidiae,
1425 4100 1510 4184 de
1540 4122 1665 4188 qua
1688 4124 1849 4178 ,mox
1964 4127 2120 4191 quas
2177 4111 2405 4178 laudes
2463 4116 2593 4180 nisi
2647 4118 2929 4186 adulatio
2989 4124 3251 4206 infecit,
3324 4133 3447 4198 fuit

351 4201 558 4279 infra,
621 4215 852 4267 mator.
939 4202 1063 4265 Cui
1100 4215 1299 4285 nupta
1342 4200 1580 4282 fuerit,
1644 4206 1711 4267 in
1770 4227 1846 4270 ea
1959 4209 2276 4295 singulari
2329 4214 2777 4301 simplicitate,
2837 4224 3159 4307 candore,
3223 4233 3446 4299 mode-

254 4314 273 4326 ·
351 4302 494 4383 ejus
526 4304 754 4368 aetatis
780 4304 1096 4367 historiae
1131 4303 1409 4387 caligine
1446 4305 1841 4389 ignoramus.
1957 4311 2249 4394 ratione,
2303 4318 2482 4382 nulla
2534 4319 2880 4388 adversum
2934 4340 3272 4411 potentem
3313 4335 3443 4402 fra-

346 4404 633 4481 Plinius‚
693 4423 826 4488 quo
868 4407 1017 4470 loco
1058 4404 1357 4470 Plotinae
1411 4405 1641 4471 laudes
1694 4429 1843 4493 per·
1920 4413 2074 4478 “tris
2149 4436 2425 4484 uxorem
2498 4403 2950 4491 aemulatione.
3046 4431 3283 4511 Addit,
3357 4439 3448 4502 ab,

346 4507 676 4589 sequitur,
721 4508 915 4571 etiam
960 4510 1355 4573 Marcianam
1402 4509 1694 4574 celebrat
1735 4509 1834 4593 ¹²),
1956 4536 2031 4580 ea
2087 4516 2390 4585 Plotinae
2447 4528 2752 4610 exemplo
2807 4528 3201 4613 aliquamdiu
3258 4557 3446 4603 recu-

330 4649 3418 4715 Ἣ

418 4769 481 4839 ει)
521 4767 665 4828 Rec.
688 4769 788 4830 111.
826 4780 1030 4845 P-229·
1182 4769 1252 4841 b>
1290 4769 1504 4844 Paueg.
1545 4782 1735 4839 ‹naa--

2684 4881 2744 4941 N
2787 4904 2828 4943 n
2873 4905 2916 4946 n
2962 4903 2997 4950 2
