4509 5584
1444 546 1911 624 Dnvsvs
1978 542 2433 640 samon.

326 779 336 792 ‚
411 718 751 807 adoptatus
808 729 971 786 erat.
1056 714 1133 779 Id
1183 716 1340 779 ciam
1392 714 1642 779 factum
1697 715 1900 780 fuerit
1942 687 1952 698 ι

408 822 496 890 V.
526 825 599 886 C.
654 823 819 905 757,
876 839 952 882 ac
1011 838 1165 880 mox
1212 818 1295 883 V.
1334 817 1410 883 C.
1471 817 1599 899 760
1645 818 1901 883 abdica-

410 935 518 986 tus
577 923 659 987 ab
701 921 1031 1004 Augusto,
1091 931 1161 982 et
1215 918 1286 980 in
1342 917 1619 981 insulam
1662 919 1901 1004 depor-

408 1036 623 1101 tatus,
681 1042 957 1086 necesse
1004 1031 1140 1096 est,
1201 1040 1470 1082 numum
1512 1021 1687 1086 hunc
1728 1022 1898 1085 intra

407 1123 538 1191 hoc
568 1125 922 1192 triennium
953 1122 1153 1184 fuisse
1190 1120 1532 1204 signatum.

608 1215 1126 1288 APPlssnAc.
1168 1218 1681 1288 ΑΓΡΙΠΠΟΤ.
1708 1222 1892 1285 ΚΑΙ.

602 1321 809 1387 THc.
849 1318 1259 1389 IO'TAIAC.
1291 1318 1535 1385 TIOT.
1583 1325 1895 1408 Agn'ppa

607 1439 880 1508 togatus
906 1439 1114 1487 stans.

397 1523 862 1595 GGBACTQ.
892 1521 1121 1588 ΘΕΩ.
1185 1526 1401 1606 Caput
1433 1525 1744 1604 Augusti
1776 1545 1892 1586 nu-

392 1633 572 1691 dum.
631 1629 773 1693 ΑΕ.
813 1629 1104 1708 111.-(Ex
1147 1647 1313 1691 mus.
1346 1645 1491 1708 reg.
1524 1624 1695 1690 Gall.
1723 1626 1891 1687 Har-

400 1728 561 1791 duin
624 1729 870 1791 Chron.
917 1740 1048 1790 vet.
1098 1740 1247 1791 test.
1290 1748 1359 1809 p.
1389 1725 1553 1808 573,
1620 1726 1891 1789 Morelli

394 1833 606 1918 lmpp.
643 1828 887 1913 Sestini
918 1828 1156 1890 lettere
1190 1829 1270 1890 T.
1296 1828 1444 1907 IV.)
1505 1880 1511 1886 .

522 1929 854 2013 Egregius
888 1929 995 1991 hic
1024 1948 1288 2002 numus,
1323 1926 1503 2009 cujus
1539 1941 1754 1990 tamen
1792 1926 1889 2010 ig-

397 2045 673 2118 noratur
728 2030 970 2113 patria,
1052 2028 1385 2112 Agrippae
1447 2029 1656 2090 nostri
1709 2049 1894 2111 prae·

404 2147 593 2197 terea
632 2145 940 2216 parentes
982 2134 1073 2192 Μ.
1114 2130 1512 2213 Agrippam,
1556 2142 1626 2190 et
1662 2128 1895 2190 Iuliam

405 2233 793 2297 manifestat.
864 2235 1373 2315 Havercampo,
1425 2251 1571 2292 cum
1611 2229 1676 2289 in
1712 2243 1896 2313 parte

407 2336 595 2399 numi
640 2354 871 2397 aversa
927 2336 1290 2416 Augustum
1336 2334 1444 2394 dei
1490 2331 1680 2393 titulo
1717 2350 1905 2400 orna-

414 2453 555 2501 tum
591 2434 877 2510 videret,
900 2449 1093 2518 atque
1121 2433 1276 2497 ideo
1314 2454 1583 2495 numum
1615 2453 1698 2496 eo
1730 2452 1904 2495 mor·

415 2551 536 2602 tuo
582 2557 807 2600 cusum
861 2536 1278 2619 opinaretur,
1345 2537 1585 2598 mirum
1637 2535 1901 2597 omnino

416 2637 716 2715 videtur,
747 2637 1051 2723 quoniam
1085 2637 1194 2700 vix
1228 2635 1477 2699 sublato
1514 2656 1553 2697 e
1582 2636 1743 2700 vivis
1774 2638 1905 2697 Au·

418 2753 613 2826 gusto
651 2739 943 2825 Agrippa
970 2739 1257 2805 violenta
1288 2752 1502 2804 morte
1541 2735 1903 2823 petiverat,

3285 601 3296 608 ·
3358 571 3497 646 125

2012 735 2139 800 qua
2191 714 2446 778 ratione
2501 711 2782 777 invisum
2843 714 3120 782 Tiberio
3181 735 3372 805 caput
3399 724 3495 798 ‚ab

2010 815 2177 878 urbe
2236 816 2489 878 Graeca
2542 814 2775 880 inferri
2829 834 3130 884 monetae
3181 830 3496 905 potuerit.

2008 917 2134 978 His
2168 915 2418 1001 laqueis
2444 937 2573 1001 quo
2603 939 2675 980 se
2710 919 3087 1001 expediret,
3131 921 3351 1007 fingit,
3383 950 3503 991 nu-

2010 1039 2189 1081 mum
2231 1018 2598 1102 imperante
2633 1019 2905 1083 Claudio
2964 1042 3189 1100 cusum
3232 1024 3316 1088 ad
3368 1047 3508 1090 ser-

2009 1118 2292 1184 vandum
2376 1117 2608 1182 domus
2683 1121 3054 1205 Augustae*
3092 1125 3500 1197 memoriam.

2009 1223 2240 1284 Inanes
2265 1235 2384 1281 me
2429 1219 2676 1284 arbitro
2726 1242 2956 1301 curae,
3021 1246 3167 1287 cum
3211 1242 3500 1307 constet,

2006 1323 2378 1403 Augustum
2433 1322 2631 1387 etiam
2695 1323 2911 1387 vivum
2954 1346 2991 1388 a
3035 1325 3349 1406 Graeciae
3394 1307 3502 1396 ur·

2005 1422 2195 1484 bibus
2237 1423 2442 1483 instar
2484 1423 2592 1485 dei
2654 1424 2939 1502 cultum,
3013 1439 3081 1490 et
3133 1428 3262 1493 hoc
3305 1431 3503 1498 etiam

2003 1524 2271 1587 nomine
2315 1524 2814 1606 compellatum,
2864 1526 3048 1609 cujus
3093 1533 3396 1615 exempla
3433 1535 3504 1599 in

2002 1623 2218 1687 numia
2278 1626 2389 1690 vel
2474 1625 2613 1689 sola
2683 1628 3043 1711 Pergamus
3110 1633 3501 1715 suppeditat.

2003 1724 2284 1790 Gravius
2312 1725 2385 1787 in
2418 1725 2599 1789 numi
2631 1727 2820 1808 hujus
2863 1730 3298 1813 explicatione
3337 1733 3504 1799 deli-

2002 1827 2144 1912 quit
2186 1827 2596 1907 Frdlichius‚
2654 1830 2766 1914 qui
2813 1830 3220 1894 Harduinum
3269 1836 3507 1910 antesi-

2002 1945 2281 2011 gnanum
2336 1943 2597 1992 secutus
2648 1952 2917 1993 numum
2958 1931 3133 1997 huuc
3168 1936 3502 2024 Agrippae

2006 2030 2086 2092 11.
2127 2026 2404 2091 Iudaeae
2435 2031 2580 2114 regi
2624 2033 2956 2115 Agrippae
2986 2035 3032 2095 1.
3069 2035 3208 2101 filio
3239 2038 3506 2118 tribuit,

2011 2130 2191 2214 (Not.
2228 2129 2424 2194 elem.
2459 2153 2526 2214 p.
2565 2135 2741 2215 228.)
2788 2155 3065 2218 cumque
3126 2138 3317 2224 hujus
3371 2163 3504 2205 ma-

2010 2243 2118 2293 ter
2174 2252 2211 2293 a
2266 2234 2549 2333 losepho
2612 2236 2862 2316 Cypros
2903 2239 3322 2320 appelletur,
3367 2241 3510 2304 exi·

2016 2330 2268 2409 stimat,
2337 2354 2482 2396 eam
2544 2334 2668 2396 sibi
2724 2334 2993 2398 honoris
3051 2359 3240 2403 causa
3283 2344 3508 2406 Iuliae

2014 2454 2259 2496 nomen
2337 2433 2735 2518 adposuisse.
2850 2438 3190 2504 Reddatur
3266 2463 3507 2508 numus

2015 2534 2350 2617 Agrippae
2385 2538 2722 2618 Romano,
2762 2541 2851 2629 {et
2875 2540 3056 2652 nulla
3088 2539 3217 2607 erit
3246 2543 3508 2609 molesti
3542 2591 3552 2600 -

2018 2635 2249 2722 effugii
2279 2658 2489 2705 causa.

789 3073 1096 3157 NERO
1168 3086 1768 3155 CLAVDIVS
1810 3128 1815 3132 -
1850 3047 2296 3154 Daris-rs
2366 3085 3138 3158 GERMANIGVS

1314 3246 1572 3328 vulgo
1646 3241 2089 3309 DRVSVS
2163 3241 2613 3311 SENIOR.

541 3439 744 3504 Natus
810 3436 895 3504 V·
931 3436 1006 3503 C.
1052 3435 1176 3518 716
1220 3447 1405 3520 patre
1471 3434 1575 3495 Ti.
1633 3433 1907 3498 Claudio

412 3537 721 3618 Nerone,
802 3552 1008 3602 matre
1078 3538 1300 3612 Livia,
1375 3558 1505 3599 ιιοιι
1568 3551 1783 3601 tamen
1839 3536 1907 3597 in

419 3646 619 3708 domo
688 3653 997 3726 paterna,
1072 3638 1191 3702 sed
1251 3638 1625 3712 Octaviani,
1712 3638 1906 3736 tertio

416 3765 682 3822 mense,
740 3764 825 3806 ex
885 3741 1164 3825 quoshic
1208 3740 1460 3826 Liviam
1500 3742 1722 3802 Druso
1767 3761 1911 3823 gra-

416 3846 635 3912 vidam
691 3844 1114 3929 permittente
1175 3843 1406 3904 marito
1460 3862 1735 3905 uxorem
1797 3840 1912 3901 du·

421 3947 552 4025 xit,
620 3946 887 4031 vulgato
963 3956 1317 4032 propterea
1381 3963 1609 4007 versut
1697 3943 1913 4005 beatis

425 4052 796 4113 trimestres
841 4048 1086 4109 liberos
1124 4049 1315 4108 nasci
1354 4046 1435 4124 ¹).
1502 4045 1915 4106 Praenomen

424 4148 494 4214 ei
566 4148 854 4233 primum
929 4149 1228 4221 Decimi,
1318 4143 1557 4206 deinde
1633 4142 1921 4208 Neronis

427 4250 557 4314 fnit
594 4249 699 4332 ιἱ),
748 4269 879 4334 quo
920 4260 1289 4312 constanter
1336 4245 1403 4305 in
1449 4245 1662 4307 nuruis
1695 4242 1923 4305 inscri-

425 4350 642 4426 bitur,
713 4350 1055 4412 nimirum:
1129 4348 1397 4411 NERO.
1454 4341 1921 4413 CLA‘VDWS.

432 4437 824 4529 DR'VSVS,
871 4450 966 4514 sic
997 4463 1071 4513 ut
1118 4449 1488 4513 nominibus
1540 4446 1822 4511 Neronis
1852 4458 1925 4509 et
2033 4443 2440 4508 Germanicis
2526 4443 2811 4523 vacavit,

502 4692 569 4766 ι)
608 4688 771 4749 suet.
800 4689 863 4744 in
890 4686 1104 4747 Claud.
1132 4649 1189 4748 c.
1212 4702 1261 4751 ι.
1432 4686 1505 4759 b)
1543 4685 1707 4745 suet.
1732 4680 1881 4743 ibid.

326 4783 337 4796 ‘
424 4777 659 4845 1..1.1v.
691 4781 740 4855 ᾗ.
759 4793 846 4842 ιο.
879 4790 964 4853 19.

1990 3405 2300 3496 Claudii
2319 3445 2650 3513 paternam
2678 3433 2985 3518 stirpem,
3034 3434 3237 3500 Drusi
3273 3450 3514 3502 mater-

2021 3554 2169 3596 nam
2208 3554 2290 3596 ex
2347 3549 2544 3616 gente
2586 3535 2769 3600 Livia
2820 3536 3086 3602 indicet.
3148 3540 3307 3601 Nam
3339 3553 3505 3604 teste

2024 3635 2343 3699 Suetonio
2388 3639 2447 3716 ⁰)
2476 3642 2768 3699 insertus
2798 3653 2900 3701 est
2931 3653 2998 3702 ec
3032 3641 3380 3708 Lautorum
3391 3642 3511 3724 fa

2024 3739 2254 3799 miliae
2286 3740 2604 3819 adoptato
2638 3744 2711 3802 in
2744 3759 2891 3801 eam
2922 3755 3222 3804 materno
3259 3763 3402 3819 avo,
3443 3756 3512 3806 et

2023 3838 2208 3901 Pedo
2236 3837 2679 3902 Albinovanus
2708 3838 2776 3900 iu
2815 3842 3258 3908 consolatione
3302 3844 3383 3906 ad
3405 3846 3513 3907 Li·

2026 3940 2194 4006 viam
2240 3940 2344 4020 d):
2403 3942 2711 4001 ,Materni
2754 3942 3004 4006 celeber
3040 3950 3302 4008 nomine
3335 3949 3516 4009 Dru·

2028 4063 2145 4104 sus
2184 4044 2320 4105 avi.
2403 4039 2508 4100 Ad
2544 4039 2831 4104 honores
2877 4043 3099 4121 citius,
3144 4067 3335 4131 quam
3389 4067 3515 4130 per

2030 4142 2216 4225 leges
2246 4140 2512 4216 liceret,
2547 4154 2940 4222 procurante
2971 4144 3264 4228 Augusto
3295 4145 3514 4209 admo·
3601 4182 3606 4186 -

2016 4229 2132 4306 'tus
2181 4246 2238 4323 e)
2293 4240 2447 4304 inde
2500 4238 2580 4301 ab
2622 4261 2790 4303 anno
2829 4243 2912 4307 V.
2948 4244 3020 4307 C.
3058 4244 3186 4325 731)
3220 4266 3343 4327 per
3376 4266 3517 4309 sex-

2032 4345 2296 4407 ennium
2356 4362 2559 4425 usque
2623 4341 2704 4404 ad
2768 4342 2940 4407 vitae
3010 4345 3257 4409 exitum
3297 4327 3514 4411 'benis

2898 4445 3188 4526 Suevos,
3275 4449 3519 4514 Sicam-

2055 4682 2117 4756 c)
2156 4681 2220 4738 in
2249 4679 2388 4739 Tib.
2420 4700 2470 4740 c.
2491 4694 2543 4747 3.
2719 4677 2788 4758 d)
2826 4653 2980 4744 vers.
3011 4688 3134 4750 146.
3306 4689 3370 4760 e)
3409 4686 3520 4744 Dio
