4509 5584
1748 532 2156 609 TITVS.

375 704 517 787 ejus
574 717 892 780 mertem,
920 721 1117 788 quae
1170 702 1243 764 in
1288 699 1667 787 Septembri
1723 702 1879 766 anni

373 806 707 891 sequentis
743 804 1057 889 contigit,
1105 806 1524 889 percussum5
1566 827 1714 867 nam
1761 827 1877 871 ue-

374 928 503 992 que
553 908 710 974 trib.
766 921 1056 994 potestas
1104 909 1214 986 X„
1268 898 1486 993 n'eque
1525 908 1671 984 XL,
1733 907 1875 993 qui-

369 1008 491 1072 bus
532 1028 657 1095 per
687 1009 870 1073 istud
902 1009 1324 1076 intervallum
1356 1009 1690 1094 praeditus
1727 1010 1873 1090 fuit,

374 1113 657 1197 amplius
707 1112 773 1173 in
833 1110 974 1176 ullo
1028 1125 1495 1178 memorantur.
1579 1113 1686 1176 Ad
1742 1114 1872 1177 hoc

373 1232 537 1300 ergo
607 1228 868 1299 tempus
924 1234 1226 1299 magnam
1280 1229 1535 1297 partem
1586 1215 1874 1300 pertine-

369 1317 530 1380 bunt
578 1316 660 1395 ii,
709 1336 907 1403 quos,
959 1317 1110 1402 quia
1156 1318 1332 1380 notis
1381 1317 1873 1402 chronologicis

371 1431 634 1497 carent,
680 1438 885 1503 vagos
929 1418 1267 1503 appellare
1315 1419 1526 1485 soleo.
1604 1418 1876 1504 Copiosi

369 1533 591 1584 autem
634 1533 785 1582 sunt
836 1521 1031 1584 aenei
1076 1522 1128 1584 I.
1176 1532 1244 1584 et
1283 1521 1365 1588 11.
1410 1520 1663 1586 formae
1717 1535 1872 1586 nota

369 1622 744 1685 consulatus
797 1623 974 1691 VIII.
1026 1621 1355 1707 insignes,
1413 1624 1539 1709 qui'
1578 1624 1751 1688 cadit
1805 1624 1874 1686 in

368 1744 609 1789 annum
669 1734 1053 1812 utrumque,
1129 1744 1370 1810 nempe
1432 1727 1520 1796 V.
1587 1727 1662 1793 C.
1724 1725 1870 1804 833,

369 1840 438 1890 et
490 1826 636 1902 834.

452 1929 718 1991 Aeneos
752 1928 866 1991 111.
899 1927 1009 2013 rel
1039 1927 1153 1995 IV.
1182 1925 1471 2007 formae,
1505 1928 1682 2015 quod
1720 1947 1874 1993 con·

369 2042 532 2105 stet,
576 2042 843 2095 moneta
873 2030 1011 2094 'riti
1041 2047 1181 2094 non
1213 2027 1443 2095 offert.

778 2247 1128 2329 Tituli
1221 2248 1476 2327 Titi.

865 2440 1383 2523 Imperator.

454 2541 666 2625 Hujus
696 2542 869 2605 tituli
903 2540 1085 2608 varia
1111 2539 1236 2604 fuit
1268 2539 1337 2601 in
1376 2539 1531 2603 Tito
1560 2538 1759 2616 ratic,
1806 2552 1874 2603 et

369 2644 451 2708 ab
502 2645 795 2709 omnium
850 2642 1130 2709 aliorum
1174 2642 1526 2706 Caesarum
1576 2642 1869 2706 instituto

371 2745 709 2810 abludens.
755 2749 1029 2811 Eccam:
1620 2777 1627 2785 ·

455 2851 538 2916 V.
576 2852 650 2915 C.
681 2851 827 2915 822.
867 2849 1032 2926 823,
1077 2844 1499 2937 imperatoris
1529 2842 1720 2907 titulo
1762 2843 1869 2907 ab·

370 2966 588 3016 stinct-

456 3055 533 3121 V.
583 3040 656 3119 C.
693 3053 856 3130 824,
915 3052 982 3113 in
1031 3052 1243 3113 numis
1289 3049 1486 3134 primi
1535 3046 1868 3110 semestris
1924 3108 1933 3119 ,

370 3155 609 3220 dicitur
658 3155 901 3219 GAES.
944 3154 1231 3216 DESIG.
1273 3153 1490 3229 IMR,
1535 3171 1657 3214 seu
1701 3152 1872 3211 desi·

361 3271 615 3341 gnatus
650 3254 1040 3341 imperator,
1087 3254 1170 3318 de
1208 3275 1338 3339 quo
1375 3251 1525 3317 vide
1562 3271 1727 3336 quae
1776 3249 1870 3312 di-

369 3360 583 3423 ximus
642 3356 713 3419 in
772 3370 1034 3421 moneta
1087 3354 1476 3440 Vespasiani
1543 3352 1624 3416 ad
1695 3352 1867 3415 hunc

370 3483 627 3527 annum.
716 3460 791 3521 In
838 3458 1050 3521 numia
1106 3457 1401 3541 ejusdem
1452 3455 1601 3518 anni
1655 3454 1866 3549 scrius

370 3563 649 3650 signatis·
679 3574 951 3628 vocatur
996 3562 1075 3626 Τ.
1125 3561 1300 3622 ῙΜΡ.
1350 3556 1730 3659 CAESAR,
1790 3577 1862 3621 ac

369 3665 725 3749 deinceps,
793 3661 1006 3726 donec
1067 3662 1400 3748 Augustus
1463 3659 1671 3723 dictus
1740 3672 1863 3734 est,

368 3780 737 3833 constanter
778 3762 1054 3828 diciturz
1101 3767 1185 3830 T.
1214 3763 1463 3828 CAES.
1497 3763 1675 3826 IMP.
1722 3782 1863 3824 suc-

371 3867 752 3934 cedentibus
805 3866 1078 3951 reliquis
1131 3866 1359 3935 titulis.
1452 3864 1555 3926 Ab
1608 3884 1690 3927 eo
1747 3863 1865 3926 eti-

370 3992 474 4036 am
513 3985 813 4055 tempore
866 3981 1243 4032 constanter
1277 3979 1471 4049 caput
1500 3966 1860 4029 laureatum

370 4070 702 4159 praefert,
756 4089 1143 4157 quamquam
1191 4067 1388 4131 etiam
1436 4064 1757 4163 radiatum
1799 4067 1865 4127 in

368 4177 665 4261 pluribus
699 4174 920 4240 aeneis
963 4174 1044 4236 11.
1086 4170 1337 4233 formae
1386 4168 1639 4245 numis,
1683 4182 1864 4232 certe

370 4296 698 4364 nunquam
729 4275 994 4340 nudum.

453 4379 536 4449 V.
594 4380 667 4447 C.
726 4378 874 4443 832.
980 4376 1166 4438 Titus
1213 4375 1575 4458 Augustus,
1651 4386 1719 4434 et
1775 4369 1864 4433 fa·

371 4498 544 4548 ctum
582 4497 761 4557 tum,
811 4492 884 4542 ut
914 4500 985 4540 το
1018 4479 1197 4540 ΙΜΡ.
1243 4476 1309 4538 in
1347 4473 1678 4562 prioribus
1731 4473 1865 4535 Titi

442 4673 506 4743 a)
545 4671 611 4727 L.
639 4668 771 4727 vn.
802 4678 1024 4745 patos.

459 4762 651 4845 (Vol.
690 4760 841 4841 VI.)

1173 4667 1245 4736 b)
1285 4665 1347 4723 in
1376 4662 1573 4741 Apoll.
1603 4663 1791 4743 Tyau-
1826 4662 1889 4720 1..
1920 4660 1993 4723 V.
2035 4682 2085 4721 c.
2117 4677 2207 4729 30.

3233 602 3240 609 ,
3343 548 3484 628 561

1991 700 2290 768 Caesaris
2338 702 2558 767 numis
2605 718 2981 770 constanter
3037 713 3498 795 postpositum,

1992 802 2232 868 deinde
2267 804 2334 865 in
2370 806 2511 889 ejus
2545 806 2824 890 Augusti
2871 812 3082 874 numis
3129 836 3492 898 praepone-

1989 920 2211 985 retur,
2298 907 2833 994 scribereturque
2907 929 3227 998 perpetua
3302 908 3512 1004 leger

1991 1011 2167 1072 IMP.
2223 1010 2506 1079 TITVS.
2561 1012 2807 1079 CAES.
2875 1027 2997 1088 etc.
3086 1017 3158 1079 Si
3214 1019 3325 1103 qui
3378 1042 3496 1084 nu·

1989 1111 2079 1173 mi
2118 1110 2308 1175 aliam
2342 1128 2702 1199 sequuntur
2737 1116 2993 1199 legem,
3037 1117 3131 1181 sic
3185 1133 3257 1182 ut
3305 1121 3493 1189 Titus

1991 1214 2232 1278 Caesar
2281 1208 2540 1279 dicatur
2592 1220 2773 1281 IMP.
2824 1221 3124 1296 TlTVS·‚
3192 1233 3259 1284 et
3308 1221 3498 1285 Titus

1990 1316 2323 1398 Augustus
2378 1319 2641 1387 TITVS
2693 1318 2916 1399 IMR,
2976 1334 3226 1385 certam
3277 1337 3497 1387 metue

1988 1416 2234 1480 fraudis
2285 1419 2765 1504 suspicionem,
2826 1435 2938 1485 aut
2979 1445 3247 1487 numum
3309 1438 3494 1504 extra

1991 1511 2225 1583 urbem
2280 1521 2604 1603 signatum
2667 1537 2842 1609 puta.
2921 1524 3016 1587 Ita
3064 1524 3496 1591 Alexandrini

1990 1621 2204 1685 minus
2236 1622 2536 1709 religiosi
2567 1625 3031 1707 Αυτοκςατορος
3063 1626 3323 1692 titulum
3359 1629 3500 1692 Titi

1989 1723 2240 1787 nomini
2272 1725 2510 1809 passim
2546 1746 3017 1810 praeposuere.
3075 1727 3256 1792 Idem
3307 1752 3493 1814 prae-

1990 1827 2212 1910 figitur
2246 1826 2315 1888 in
2356 1826 2567 1890 numis
2604 1826 2935 1910 inscriptis
2963 1824 3307 1892 ΕΤΟΤΣ.
3337 1827 3500 1893 NE-

1990 1923 2140 1991 OT.
2180 1923 2496 2005 IEPOT,
2540 1942 2680 1992 tum
2724 1942 2794 1991 et
2829 1929 2899 1991 in
2945 1928 3249 2008 denario,
3297 1951 3494 2016 quem

1990 2026 2309 2111 descripsi
2350 2027 2432 2091 ad
2459 2030 2542 2098 V.
2577 2031 2650 2096 C.
2683 2030 2993 2117 824‚·sed
3033 2032 3145 2116 qui
3178 2032 3499 2098 verisimi-

1987 2129 2143 2193 liter
2168 2128 2456 2212 signatus
2486 2144 2586 2194 est
2607 2132 2879 2218 Ephesi.
2925 2133 3029 2196 De
3059 2133 3329 2198 denario
3349 2136 3486 2198 Titi

1991 2232 2276 2316 Augusti
2304 2251 2451 2295 cum
2487 2233 2855 2317 postposito
2885 2236 3065 2315 IMP.
3100 2234 3290 2313 vide,
3325 2258 3498 2322 quae

1989 2333 2073 2396 ad
2108 2354 2348 2395 annum
2378 2334 2461 2401 V.
2498 2335 2574 2401 C.
2602 2336 2726 2403 832
2764 2336 3154 2400 monuerim.

2079 2434 2465 2529 Quaesitum
2507 2437 2587 2501 ab
2636 2438 2909 2502 eruditis
2952 2460 3229 2525 magnae
3283 2439 3500 2505 famae

1988 2538 2185 2615 viris,
2261 2560 2342 2601 an
2410 2539 2635 2602 titulus
2695 2540 3113 2624 imperatoris
3170 2542 3323 2606 Tito
3391 2543 3504 2607 ad·-

1987 2639 2117 2704 huc
2180 2640 2444 2704 Caesari
2504 2638 2759 2704 additus
2819 2641 3099 2721 indicet,
3177 2643 3400 2707 Titum
3460 2670 3502 2710 a

1987 2755 2175 2826 patre
2244 2739 2559 2804 adscitum
2617 2742 2686 2803 in
2748 2743 3039 2827 imperio
3107 2745 3454 2830 conlegam
3486 2792 3506 2820 ,

1990 2866 2071 2906 an
2100 2842 2513 2927 imperatoris
2543 2842 2870 2907 honorem
2901 2844 2970 2908 ei
2992 2869 3030 2910 a
3061 2845 3354 2910 victoriis
3385 2847 3508 2912 de·

1987 2945 2227 3023 latum,
2283 2946 2364 3007 de
2413 2964 2556 3029 quo,
2596 2945 2808 3010 altero
2858 2946 3051 3015 titulo
3107 2974 3262 3016 mox
3324 2932 3497 3019 infra
3571 2996 3578 3005 ,

1987 3061 2241 3130 agetur.
2331 3046 2530 3109 Prior
2582 3050 2902 3113 sententia
2953 3052 3094 3115 sine
3148 3054 3348 3119 dubio
3400 3072 3498 3122 te·

1985 3149 2202 3213 nenda
2247 3146 2665 3213 suadentibus
2713 3151 2888 3213 istud
2928 3174 3079 3217 cum
3126 3156 3492 3237 historicis,

1987 3266 2125 3315 tum
2165 3252 2399 3314 numis.
2460 3251 2713 3316 Plinius
2752 3253 3034 3340 loquens
3077 3257 3161 3324 de
3211 3281 3488 3326 censura

1985 3376 2021 3418 a
2073 3349 2478 3438 Vespasiano
2541 3355 2625 3423 V·
2679 3357 2752 3422 C.
2818 3356 2943 3421 826
3003 3375 3179 3439 acta,
3248 3363 3492 3447 quique

1984 3456 2110 3519 hoc
2142 3457 2287 3540 ipso
2322 3469 2626 3540 tempore
2658 3460 3021 3524 naturalem
3069 3484 3250 3525 snam
3291 3464 3498 3529 histo·

1982 3558 2143 3621 riam
2189 3558 2482 3642 scripsit,
2534 3559 2622 3623 ait
2659 3561 2751 3644 ⁸)=
2813 3563 3104 3643 Census,
3158 3584 3346 3645 quem
3386 3572 3490 3631 in-

1980 3674 2091 3723 tra
2126 3663 2640 3741 quadriennium
2680 3666 2815 3746 imp
2833 3676 3136 3729 oratores
3171 3667 3493 3732 Caesares

1985 3766 2418 3845 Vespasiani,
2481 3776 2679 3845 pater
2696 3810 2715 3842 ,
2788 3765 3116 3851 filiusque
3188 3788 3494 3833 censores

1979 3876 2277 3947 egerunt.
2321 3865 2507 3950 Ergo
2551 3864 2974 3951 imperatoris
3018 3888 3260 3933 nomen
3312 3890 3489 3934 com·

1981 3985 2176 4027 mune
2208 3964 2334 4026 fuit
2361 3978 2490 4028 tam
2521 3968 2720 4050 patri,
2748 3990 2936 4054 quam
2967 3970 3132 4034 filio.
3174 3970 3326 4033 Tito
3353 3973 3485 4034 Ro·

1982 4087 2153 4129 mam
2186 4065 2454 4142 reduci,
2489 4088 2636 4132 cum
2670 4069 2880 4133 adhuc
2914 4071 2982 4132 iu
3018 4071 3256 4134 itinere
3288 4085 3486 4150 esset,

1983 4166 2356 4229 nunciatum
2375 4167 2520 4245 fuit,
2548 4189 2692 4233 esse
2712 4191 2783 4234 se
2806 4173 3055 4234 Romae
3079 4172 3481 4236 nominatum

1980 4268 2483 4350 imperatorem,
2546 4283 2619 4333 ut
2662 4271 2873 4336 refert
2910 4273 3345 4340 Philostratus
3392 4274 3488 4357 1’).

1979 4372 2201 4455 Atque
2240 4368 2330 4433 de
2366 4368 2488 4435 hac
2518 4372 2781 4456 imperii
2817 4374 3129 4442 societate
3168 4378 3486 4462 capienda

1981 4486 2130 4537 sunt
2158 4471 2362 4536 verba
2378 4472 2676 4538 Suetonii
2705 4477 2799 4557 ο).
2835 4496 3041 4556 neque
3068 4499 3156 4544 ex
3186 4502 3258 4542 eo
3277 4490 3486 4555 (nem-
3615 4498 3630 4505 ‘

2357 4665 2420 4733 c)
2462 4662 2524 4719 in
2555 4663 2687 4723 Tito
2720 4684 2771 4723 c.
2805 4668 2862 4731 6.

2892 4759 2941 4818 Z
2989 4783 3024 4822 z
