4509 5584
982 534 1081 615 46
1502 624 1507 627 ,
2120 521 2235 596 M.
2300 518 2944 617 ANTDNIVS.

1784 634 1821 669 s

888 669 905 677 ‚
984 707 1259 784 possent
1330 690 1619 771 referre,
1713 689 1979 779 quando
2044 691 2172 776 ipsi
2239 706 2486 778 patrata
2561 742 2574 749 -

986 800 1153 863 haec
1207 796 1423 861 omnia
1484 795 1567 865 ad
1636 814 1877 858 annum
1944 794 2027 863 V.
2082 797 2158 861 C.
2204 814 2367 878 720,
2418 810 2487 863 et

987 913 1173 964 recte
1218 897 1485 983 quidem
1524 895 1851 964 referunt.
1917 897 2171 966 Verum
2212 899 2333 965 illo
2377 920 2485 963 an·

987 1024 1077 1068 uo
1144 1001 1465 1064 Antonius
1521 1018 1739 1085 neque
1799 998 1959 1076 fuit,
2034 1019 2252 1085 neque
2312 999 2483 1064 adeo

989 1105 1123 1169 dici
1179 1101 1455 1186 amplius
1512 1101 1728 1186 potuit
1768 1100 1961 1166 COS.
2003 1102 2204 1168 DES.
2245 1103 2482 1169 [TER.

985 1205 1107 1271 sed
1158 1204 1352 1270 COS.
1393 1203 1588 1267 DES.
1619 1205 1733 1264 111.
1798 1205 2089 1268 Necesse
2134 1224 2298 1290 ergo
2345 1216 2482 1283 est,

984 1307 1325 1373 denarium
1371 1318 1790 1390 praesentem
1823 1316 1932 1368 aut
1973 1325 2175 1382 anno,
2239 1305 2309 1367 in
2348 1326 2479 1390 quo

985 1414 1243 1486 sumus,
1326 1407 1493 1489 718‘,
1568 1419 1680 1469 aut
1763 1404 2063 1490 proxime
2127 1419 2480 1490 sequente,

984 1526 1169 1577 certe
1213 1523 1359 1573 ante
1402 1527 1530 1591 720
1574 1508 1886 1572 malleum
1930 1521 2297 1592 expertum.
2392 1508 2482 1571 At

978 1612 1287 1700 quoniam
1347 1623 1597 1674 tantum
1653 1610 1912 1687 aberat,
1991 1623 2066 1672 ut
2124 1609 2253 1673 hoc
2306 1629 2479 1673 anno

979 1712 1304 1780 Antonius
1352 1709 1693 1779 victoriam
1731 1710 1856 1774 sibi
1885 1712 1956 1775 in
1990 1709 2304 1775 Armenia
2334 1731 2481 1795 par·

982 1832 1118 1881 tam
1181 1828 1406 1902 posset
1466 1833 1816 1897 arrogare,
1889 1827 1961 1878 ut
2002 1812 2200 1877 etiam
2243 1835 2281 1876 a
2324 1814 2481 1877 Par·

980 1921 1196 1997 thiae,
1237 1913 1629 1999 Mediaeque
1672 1914 1941 2001 regibus
1984 1913 2272 2000 undique
2315 1914 2479 1999 peti-

979 2036 1125 2099 tus,
1175 2033 1366 2104 atque
1397 2016 1702 2081 obsessus
1732 2016 1917 2084 velut
1942 2015 2481 2100 desperabundus

986 2122 1392 2186 celebratum
1438 2116 1604 2180 illud
1651 2140 1914 2201 ῳμυριοι
1965 2138 2161 2203 saepe
2206 2139 2483 2203 cogere·

958 2238 1094 2287 *tur
1113 2223 1442 2307 proferre,
1471 2242 1547 2285 ac
1580 2220 1865 2305 denique
1895 2239 2097 2301 aegre
2130 2218 2481 2283 admodum

979 2324 1232 2390 amissis
1275 2324 1508 2409 viginti
1547 2341 1816 2387 suorum
1862 2320 2149 2384 millibus
2190 2342 2340 2385 sese
2370 2343 2481 2387 ex·

977 2428 1295 2512 plicaret,
1327 2424 1591 2491 videtur
1625 2445 1779 2488 sane
1808 2423 2202 2487 Armeniaco
2226 2424 2356 2487 hoc
2388 2437 2482 2508 ty·

980 2549 1071 2614 po
1110 2529 1251 2592 sola
1280 2527 1350 2617 in
1382 2526 1764 2591 Armeniam
1802 2525 1932 2589 hoc
1969 2530 2142 2591 anno
2181 2540 2482 2612 suscepta

984 2628 1319 2716 expeditio
1359 2629 1654 2696 indicari.

1714 2730 1755 2768 ῃ
1838 2732 1887 2753 ,ᾖ
1960 2730 1963 2735 .

1504 2778 1545 2817 a
1921 2775 1961 2816 s

1366 2826 1575 2899 ANT.
1627 2832 1962 2901 AVGVR.
2002 2832 2142 2910 (vel
2176 2829 2478 2913 AVGV.)

1359 2937 1626 3004 111V1R.
1660 2934 1931 3002 R.P.C.
1970 2935 2187 3018 Caput
2209 2935 2478 2999 nudum.

981 3037 1159 3105 IMP.
1201 3038 1401 3103 TER.
1448 3039 1839 3121 Tropaeum,
1862 3037 2054 3099 humi
2080 3037 2211 3123 duo
2237 3035 2480 3120 σζγρεί,

976 3140 1091 3202 vel
1131 3141 1406 3224 clypeus
1452 3161 1663 3215 unus,
1711 3150 1780 3201 et
1806 3128 2013 3222 prora
2057 3140 2270 3201 navis.
2332 3137 2475 3203 AR.

980 3244 1183 3323 (Mus.
1219 3243 1439 3321 CaeS.)

1111 3343 1368 3406 Incerta
1397 3338 1690 3416 victoria,
1723 3359 1891 3424 quae
1926 3352 2271 3423 tropaeum
2302 3337 2476 3403 istud

984 3442 1259 3519 extulit,
1317 3457 1386 3506 et
1421 3463 1502 3504 ex
1540 3463 1664 3526 qua
1693 3441 2053 3506 verisimile
2087 3448 2223 3520 est,
2275 3442 2480 3505 Anto·

979 3544 1096 3607 nio
1124 3547 1304 3613 IMP.
1345 3546 1548 3609 TER.
1605 3543 1863 3607 titulum
1918 3558 2198 3627 partum.
2272 3545 2478 3606 Forte

968 3661 1263 3732 propter
1300 3645 1483 3710 navis
1523 3666 1789 3730 proram
1830 3645 2265 3730 intelligenda
2291 3666 2482 3710 nava·
2581 3694 2586 3698 -

982 3749 1069 3812 lis
1097 3750 1180 3812 de
1211 3748 1366 3813 Sex.
1395 3747 1715 3832 Pompeio
1739 3748 2035 3827 victoria,
2061 3749 2245 3833 cujus
2281 3748 2482 3813 etiam

976 3851 1309 3936 particeps
1346 3850 1473 3914 fuit
1514 3850 1732 3912 missis
1776 3850 1859 3914 ad
1905 3850 1975 3913 id
2018 3851 2269 3915 bellum
2305 3850 2480 3915 navi-

984 3953 1129 4015 bus.
1172 3956 1245 4016 In
1271 3952 1480 4016 antica
1505 3951 1683 4015 numi
1710 3952 1937 4016 similis
1966 3953 2139 4039 apud
2163 3950 2476 4020 Vrsinum

973 4039 1295 4141 'leguntur
1328 4055 1499 4117 tituli
1548 4056 1727 4117 IMP.
1766 4055 1971 4121 ΑΝΤ.
2005 4056 2350 4125 AVGVR.
2362 4058 2481 4117 111-

983 4159 1162 4224 Vm.
1189 4161 1273 4224 R.
1295 4160 1371 4219 P.
1395 4158 1468 4223 C.
1525 4155 1908 4242 Epigraphe
1942 4156 2288 4241 singularis
2328 4178 2481 4242 pro-

978 4274 1132 4345 pter
1165 4259 1608 4346 praepositum
1641 4260 1820 4325 [MP.
1862 4260 2066 4324 instar
2106 4259 2477 4345 praenomi-

979 4362 1106 4440 nis,
1141 4362 1224 4426 de
1254 4383 1386 4448 quo
1418 4362 1618 4426 modo
1648 4359 1978 4426 insolente
2010 4383 2286 4448 agemus
2305 4361 2475 4426 infra

988 4464 1110 4529 sub
1141 4464 1332 4529 titulo
1359 4466 1805 4546 imperatoris.

1708 4563 1751 4600 Ι

1502 4611 1541 4649 fi
1914 4611 1956 4650 Ο

1052 4779 1115 4849 a)
1156 4775 1350 4832 Mass‘ei
1378 4776 1528 4833 MuS.
1557 4776 1776 4835 Veron.
1809 4796 1869 4856 p.
1896 4780 2016 4857 256.

2164 4777 2237 4851 b)
2277 4777 2517 4837 Reines.
2548 4777 2643 4841 cl.
2668 4778 2855 4838 xllx.
2883 4798 2943 4839 n.
2973 4792 3062 4846 50.

2984 692 3078 759 Μ.
3123 688 3602 765 ANTONIVS.
3653 695 3751 761 u.
3784 692 3863 761 F.
3897 696 3989 764 m.
4017 697 4099 762 N.

2981 794 3314 868 AVGVR.
3358 788 4103 884 mP.T11RT.Gaput

2599 995 2792 1065 cos,
2845 899 3161 1065 1)ῃέἴέ
3164 919 3504 1067 'irus
3458 1001 3610 1067 ΠΤ.
3661 1001 3930 1068 mur.
3977 1003 4097 1066 111-

2595 1101 2774 1169 WR.
2801 1101 2884 1169 R.
2901 1102 2976 1168 P.
2993 1101 3072 1166 C
3130 1100 3347 1184 Caput
3391 1102 3712 1168 muliebre
3748 1103 4098 1190 colligatis

2595 1213 2775 1266 retro
2800 1204 2874 1267 ἰη
2895 1205 3139 1269 nodum
3161 1208 3479 1271 crinibus.
3501 1205 3651 1275 AV.

2724 1302 3057 1370 Illustrem
3083 1303 3258 1371 hunc
3283 1329 3557 1372 numum
3584 1329 3670 1372 ex
3698 1311 3929 1372 miiseo
3958 1308 4090 1371 An-

2594 1403 2761 1466 tonii
2795 1406 2861 1468 le
2886 1407 3047 1471 Froi
3081 1409 3280 1493 Angli
3316 1411 3588 1494 protulit
3619 1410 3965 1496 Philippus
4003 1408 4088 1473 dc

2575 1506 2875 1573 ,Venutis
2933 1507 3002 1572 in
3072 1511 3290 1594 opella
3347 1512 3625 1576 Liburni
3686 1513 3879 1577 edita.
3967 1511 4091 1582 Vir

2597 1605 2896 1670 eruditus
2938 1608 3007 1671 in
3047 1610 3300 1695 postica
3339 1614 3624 1698 proponi
3675 1615 4091 1699 Cleopatram

2595 1707 2875 1787 adserit,
2964 1711 3232 1777 mallem
3314 1715 3657 1780 Octaviam
3732 1715 4093 1780 secundum

2596 1830 2710 1889 ea,
2773 1831 2939 1896 quae
3008 1813 3177 1879 infra
3232 1817 3301 1879 in
3366 1816 3582 1881 numis
3636 1817 3858 1881 aeneis
3906 1835 4090 1902 prae·

2594 1912 2923 1979 sectorum
2959 1916 3230 1980 Antonii
3265 1917 3605 1985 disseram.
3649 1916 3926 1982 Adverti
3958 1937 4095 1982 me·

2595 2028 2784 2080 retur
2830 2016 2911 2080 ad
2951 2017 3355 2086 elementum
3385 2021 3446 2080 11
3481 2018 3765 2103 positum
3795 2032 4096 2083 constan-

2596 2130 2704 2181 ter
2745 2136 2872 2201 pro
2915 2120 3014 2181 E:
3046 2123 3350 2190 Venatus
3388 2121 3557 2184 hanc
3608 2121 3750 2205 ejus
3805 2120 4089 2185 formam

2594 2219 2664 2281 iu
2696 2219 2995 2303 pluribus
3025 2223 3461 2287 marmoribus
3487 2223 3899 2302 observavit,
3952 2221 4087 2287 sic:

2594 2322 3064 2385 PARIINTIIS
3110 2334 3233 2407 pro
3276 2322 3746 2388 PARENTES
3777 2326 3876 2409 ⁸),
3945 2325 4093 2387 ΒΗ·

2595 2424 2737 2487 NH.
2784 2426 3191 2487 MIIRHNTI
3258 2446 3382 2510 pro
3435 2427 3696 2490 BENE.
3747 2426 4089 2490 MEREN·

2597 2527 2687 2586 TI
2721 2524 2807 2608 b),
2865 2525 3044 2589 Addi
3077 2542 3352 2610 possunt
3391 2528 3581 2610 plura
3620 2528 3877 2610 alia2ex
3929 2525 4095 2590 indi-

2596 2646 2674 2690 ce
2734 2627 3004 2692 Gruteri
3065 2650 3216 2714 pag.
3270 2629 3625 2697 Lxxxlx,
3703 2620 3897 2692 'Addo
3940 2650 4106 2720 pro·-

2593 2728 2741 2814 pius
2790 2729 3168 2815 exemplum
3198 2752 3282 2794 ex
3319 2731 3572 2809 numis,
3605 2726 4094 2817 quorum'com-
4199 2748 4206 2757 ·

2595 2831 2858 2915 plures,
2940 2831 3136 2896 etiam
3197 2831 3536 2907 denarios,
3613 2834 3960 2898 Morellius
4017 2835 4088 2895 in

2595 2947 2796 3017 gente
2842 2933 3088 2997 Carisia
3131 2934 3454 3019 vulgavit,
3522 2949 3800 3021 suntque
3843 2935 4091 2999 similes

2593 3033 2661 3096 in
2715 3055 2946 3099 museo
3004 3038 3363 3110 Caesareo,
3414 3034 3527 3120 qui
3584 3035 3875 3101 offerunt
3933 3036 4116 3101 scri-'
4153 3030 4172 3035 ’

2593 3150 2779 3222 ptum
2830 3140 3236 3203 IIMIIRITA
3270 3158 3395 3223 pro
3428 3139 3871 3216 EMERI'I'A,
3921 3159 4088 3224 quae

2593 3238 2719 3302 fuit
2761 3241 3116 3324 Hispaniae
3163 3240 3343 3305 urbs.
3428 3238 3624 3304 Addo
3675 3241 3959 3326 denique
4010 3240 4091 3303 il·

2593 3341 2800 3405 lustro
2833 3345 3211 3427 exemplum
3242 3363 3329 3408 ex
3365 3362 3716 3422 marmore,
3745 3341 3920 3428 quod
3953 3339 4092 3406 edi-

2594 3441 2693 3507 dit
2721 3442 3026 3508 Maffeius
3063 3447 3158 3528 ὓ).

2722 3548 2844 3609 ΤΙΙ
2876 3547 3129 3610 LAPIS
3166 3547 3649 3611 OPTIISTOR
3694 3546 4092 3615 anrrnn

2935 3649 3224 3718 SVPIIR
3261 3649 3489 3715 OSSA
3520 3649 3920 3715 RIISIDAS.

2593 3748 2813 3835 Atque
2853 3751 3020 3817 haec
3058 3752 3392 3817 scribendi
3442 3754 3556 3843 lex
3593 3750 3869 3817 barbara
3912 3748 4092 3816 vide-

2591 3851 2653 3914 ri
2704 3852 2941 3935 possit,
3004 3869 3072 3918 et
3125 3874 3357 3938 sapere
3404 3854 3512 3918 vel
3559 3853 3926 3937 Hispanos,
3980 3852 4092 3916 vel

2554 3955 2958 4039 (Aegyptios
2990 3955 3256 4041 linguae
3295 3957 3629 4020 Romanae
3679 3954 3900 4018 rudes.
3960 3953 4094 4022 Ve-

2591 4077 2740 4120 rum
2790 4068 3045 4122 exstant
3097 4059 3558 4144 inscriptiones
3610 4052 3682 4120 in
3730 4055 3871 4141 ipsa
3923 4055 4090 4120 urbe

2595 4172 2931 4239 exaratae,
2993 4181 3132 4224 non
3206 4159 3472 4247 quidem
3538 4159 3923 4223 auctoritate
3972 4181 4090 4243 pu·

2587 4258 2795 4337 blica,
2851 4261 2972 4326 sed
3015 4262 3285 4346 privatis
3339 4262 3765 4339 dictantibus,
3828 4260 3898 4323 in
3949 4261 4093 4346 qui·

2587 4358 2711 4425 bus
2764 4361 3031 4427 obvium
3085 4378 3187 4429 est
3235 4367 3292 4428 11
3337 4386 3466 4483 pro
3517 4366 3600 4427 Ε.
3676 4364 3787 4428 Sic
3851 4362 3918 4425 in
3981 4382 4091 4427 co-

2586 4465 2818 4549 piosis,
2850 4468 3034 4529 urnis
3072 4466 3415 4531 cinerariis
3459 4485 3672 4550 prope
3712 4466 4036 4529 Romam‘
4013 4484 4086 4528 tn

2588 4567 2694 4633 via
2735 4567 2950 4653 Appia
2992 4567 3239 4647 erutis,
3286 4568 3834 4661 quasdescriptas
3883 4567 4088 4632 hahes

3211 4781 3276 4853 c)
3315 4780 3465 4839 Mus.
3490 4779 3716 4841 Veron0
3748 4800 3811 4861 p.
3837 4782 3964 4845 258'.
3996 4794 4049 4847 3.
