4509 5584
1581 523 2274 608 nomnium.
3340 550 3484 634 349

363 694 553 772 niani,
623 713 757 780 quo
798 692 1227 760 Meranda-ini
1257 694 1409 778 ojm
1447 694 1680 761 mauis
1719 712 1857 759 me·
2098 692 2395 759 Alterius
2426 693 2719 780 regionis
2744 713 3014 765 numum
3046 699 3295 768 editum
3329 723 3460 772 non

364 797 635 873 moriam
674 809 1180 865 uenenum&
1970 794 2267 881 reperio.

1636 1016 1694 1078 P
1709 1013 1770 1076 R
1791 1011 1856 1075 Ε
1879 1010 1994 1077 TI
2007 1016 2081 1079 V
2083 1009 2193 1077 M.

753 1156 963 1221 Aurei
1055 1192 1080 1207 -
1247 1188 1273 1208 ο
1443 1185 1470 1202 ·
1636 1189 1666 1204 -
1831 1188 1861 1207 -
2027 1189 2055 1206 -
2219 1186 2251 1207 -
2413 1187 2446 1207 -
2608 1188 2638 1207 -
2803 1155 3070 1227 mum.

703 1295 720 1310 ·
750 1256 1074 1343 Argentei
1242 1290 1272 1308 ·
1442 1290 1471 1307 ·
1633 1289 1663 1308 ·
1826 1288 1856 1305 ·
2019 1287 2049 1306 ·
2215 1290 2244 1307 ·
2409 1283 2443 1306 ⁶·
2607 1292 2637 1311 ·
2802 1259 2879 1329 C.

753 1360 968 1426 Aenei
1001 1361 1050 1425 1.
1089 1358 1376 1442 formae,
1418 1357 1538 1423 sed
1578 1376 1741 1444 quos
1781 1354 1919 1420 dixi
1959 1375 2108 1423 esse
2146 1358 2371 1426 verius
2408 1357 2636 1425 Domi·

922 1462 1104 1525 tillae
1147 1462 1323 1526 filiae
1443 1494 1472 1511 ·
1636 1492 1667 1509 ·
1830 1489 1859 1507 ·
2021 1492 2055 1510 -
2220 1493 2250 1512 ·
2411 1494 2443 1512 -
2607 1496 2638 1514 -
2805 1459 2888 1525 R.

763 1562 1129 1627 Commate’s
1167 1564 1535 1648 peregrini,
1576 1581 1713 1628 non
1755 1574 2010 1630 exstant
2047 1560 2177 1630 nisi
2208 1561 2641 1628 Alexandrini

921 1662 1115 1732 aenei
1153 1664 1268 1734 111.
1314 1663 1568 1731 formae
1639 1698 1670 1719 -
1835 1695 1865 1717 ·
2025 1697 2058 1717 ·
2217 1696 2252 1715 ·
2414 1697 2446 1713 -
2612 1698 2643 1717 -
2804 1651 3035 1733 mm(

1087 1919 1783 1988 noulTILzA
1845 1917 2599 1988 VESPASIARI
2658 1923 2738 1991 F.

481 2100 712 2165 Fuisse
764 2121 909 2165 eam
953 2099 1376 2182 Vespasiani,
1435 2112 1502 2163 et
1548 2099 1853 2164 Domitil-
2565 2097 2863 2165 Numi.-

358 2197 462 2263 lae
503 2200 735 2281 filiam,
788 2216 1239 2288 mortuamque
1281 2212 1430 2262 ante
1467 2201 1853 2285 Vespasiani
2289 2200 2798 2266 MEMORIAE.
2873 2199 3460 2267 DOMlTlLLAE.

357 2301 741 2386 imperium,
793 2327 988 2389 snpra
1034 2303 1103 2364 in
1134 2300 1287 2384 ejus
1322 2314 1534 2363 matre
1570 2321 1654 2364 ex
1690 2301 1853 2365 Sue·
2290 2303 2366 2365 S.
2399 2304 2472 2364 P.
2510 2302 2596 2395 Q.
2626 2303 2710 2367 R.
2777 2305 3173 2385 Carpentum
3209 2328 3251 2368 a
3289 2309 3466 2371 binis

353 2403 536 2467 tonio
572 2403 790 2468 docui.
850 2405 1133 2490 Reliqua
1174 2403 1316 2486 ejus
1355 2402 1567 2465 omnia
1602 2403 1847 2486 ignota.
2294 2406 2501 2467 mulis
2536 2417 2844 2468 tractum.
3446 2405 3451 2414 ’

354 2504 587 2567 mim
627 2503 862 2570 tabuit
905 2505 1171 2569 nomine
1223 2517 1291 2568 et
1338 2505 1506 2568 hane
1545 2505 1852 2567 nomun-
1965 2503 2142 2565 mr.
2207 2502 2298 2571 Τ.
2368 2502 2740 2572 CAESAR.
2800 2487 3006 2573 mvi.
3066 2503 3316 2573 vEsP.
3377 2506 3434 2570 F

351 2605 518 2683 lam,
565 2620 833 2692 nuptam
874 2607 952 2667 Τ.
989 2606 1218 2670 Flavio
1259 2605 1587 2670 Clementi
1619 2607 1850 2670 Domi-
1966 2602 2170 2672 AVG.
2227 2603 2309 2669 P.
2356 2606 2450 2666 M.
2501 2606 2640 2670 Tu.
2687 2609 2763 2672 P.
2801 2606 2879 2672 P.
2917 2608 2993 2667 P.
3042 2607 3238 2675 COS.
3281 2609 3455 2679 Vm.

348 2706 508 2771 tiani
552 2708 980 2786 consobrino,
1037 2722 1105 2772 et
1147 2706 1227 2770 ab
1270 2707 1431 2785 boc,
1479 2707 1628 2792 quia
1664 2708 1850 2772 Chri·
1965 2708 2039 2767 in
2077 2707 2331 2766 medio:
2382 2706 2455 2768 S.
2487 2707 2561 2772 G.
2606 2707 2746 2771 ΔΕ.
2778 2710 2831 2771 Ῑ.

351 2811 555 2873 stiana
609 2830 794 2873 sacra
850 2809 1142 2886 colebat,
1201 2808 1597 2894 relegatam,
1664 2810 1848 2894 cujus
2083 2805 2374 2869 'Numam
2415 2806 2624 2884 hunc,
2664 2827 2864 2891 quem
2906 2810 3218 2874 continno
3263 2834 3458 2898 supra

255 2923 276 2934 ·
354 2911 520 2973 duos
551 2910 758 2987 filios,
799 2911 1268 2995 Vespasianum
1306 2924 1372 2972 et
1404 2911 1846 2972 Domitianum
1959 2905 2029 2966 in
2080 2919 2346 2971 moneta
2390 2908 2779 2972 Domitillae
2825 2911 3050 2975 matris
3102 2911 3452 2998 descripsi,

356 3011 619 3095 imperii
670 3010 956 3075 heredes
1016 3011 1364 3076 destinavit
1408 3012 1848 3088 Domitianus,
1957 3027 2111 3071 esse
2170 3007 2576 3091 probabilius
2632 3009 3015 3075 Domitillae
3068 3013 3455 3097 Vespasiani

350 3127 424 3176 ut
465 3112 756 3177 dicemus
795 3112 967 3177 infra
1006 3112 1074 3175 in
1099 3112 1520 3197 ‘Vespasiano
1564 3111 1844 3194 juniore.
1957 3108 2168 3185 filiae,
2205 3109 2447 3174 eodem
2479 3112 2635 3176 loco
2666 3111 2952 3196 probare
2987 3128 3255 3180 conatus
3285 3138 3453 3195 sum,

305 3214 529 3283 ··Vide
586 3215 671 3279 de
723 3215 922 3283 variis
980 3215 1082 3278 his
1135 3214 1496 3277 Domitillis
1557 3201 1848 3296 SpanBe·
1954 3232 2156 3298 quem
2191 3210 2321 3275 adi.

350 3316 556 3378 mium
600 3318 692 3397 ⁸),
754 3331 821 3379 et
871 3329 1093 3381 notam
1144 3315 1439 3382 Reimari
1490 3313 1574 3380 ad
1615 3313 1845 3379 Dionis
2211 3365 2224 3374 .
2475 3342 2522 3383 -s
2680 3295 2730 3337 '¹'
2896 3344 2938 3384 a.

345 3419 427 3483 1..
455 3418 716 3487 LXVII.
757 3424 813 3498 ς,
843 3427 942 3495 ¹4·
1154 3416 1160 3422 ’
2079 3417 2363 3478 Numam
2400 3438 2437 3478 a
2471 3414 2807 3480 Chifssetio
2838 3418 3085 3481 editum
3127 3440 3275 3484 cum
3312 3422 3449 3506 epi·

1954 3519 2238 3601 graphet
2303 3516 2808 3584 MEMORIAE.
2853 3516 3440 3592 DOMITILLAE.

1946 3619 2155 3687 mvl.
2187 3620 2429 3705 VESp.
2460 3620 2536 3684 F.
2569 3640 2716 3685 esse
2745 3624 3067 3705 spurium,
3102 3639 3253 3709 post
3280 3629 3444 3693 Har·

1947 3721 2218 3787 duinum
2257 3721 2479 3787 docuit
2510 3722 2863 3788 Bimardus
2891 3723 2981 3808 b).

943 4002 1460 4073 VESPASIA
1523 3998 1887 4064 POLLA
1949 4005 2485 4082 Vespasiani
2542 4016 2837 4079 γραῖαν.

475 4158 705 4224 Pollae
767 4180 1036 4224 numum
1098 4176 1372 4221 aeneum
1435 4156 1518 4220 11.
1583 4154 1838 4217 formae
1951 4174 2140 4237 quam
2174 4168 2244 4217 ut
2271 4153 2447 4218 istud
2476 4154 2782 4219 adridere
2807 4170 3030 4239 posset
3056 4162 3443 4242 possessori,

341 4260 642 4345 possedit
677 4261 836 4328 olim
870 4259 1303 4330 Vindobonae
1341 4256 1411 4319 in
1447 4274 1675 4321 museo
1714 4273 1833 4319 suo
1949 4266 2130 4318 tanto
2192 4254 2493 4318 acerbius
2545 4254 2847 4338 injuriam
2905 4258 3186 4338 ferenti,
3262 4262 3442 4345 quod

344 4361 663 4448 Iosephus
719 4366 1060 4441 Hauerus‚
1138 4380 1419 4446 eumque
1479 4355 1835 4444 genuinum
1949 4354 2242 4421 vendere
2278 4377 2574 4420 museum
2612 4378 2800 4421 snum
2827 4358 3215 4426 instituerat.
3261 4363 3447 4430 Vidit
3486 4406 3499 4412 -

347 4463 680 4548 judicavit.
774 4466 987 4546 Malae
1044 4463 1199 4528 fidei
1256 4475 1477 4527 notam
1533 4457 1834 4523 Rhellius
1947 4457 2151 4542 igitur
2201 4456 2381 4520 orbis
2428 4457 2721 4523 eruditus
2766 4480 2930 4545 opus
2967 4460 3122 4544 justi
3172 4463 3445 4527 volumi·

345 4567 491 4631 data
532 4569 701 4651 typis
746 4568 1022 4652 epistola
1065 4564 1498 4650 importunius
1539 4558 1834 4645 impegit,
1947 4559 2052 4622 nis
2094 4559 2504 4642 inscriptum:
2578 4562 2724 4627 Ioa.
2756 4564 3026 4644 Iosephc'
3072 4565 3318 4627 nobilis
3363 4568 3444 4628 de

335 4725 342 4730 ν
405 4755 468 4826 ει)
508 4755 578 4813 Τ.
600 4756 673 4816 11.
707 4758 914 4832 p.286.
1062 4754 1136 4828 b>
1171 4754 1250 4812 ad
1279 4752 1498 4840 Iobert.
1535 4752 1604 4808 T.
1626 4752 1669 4809 1.
1704 4755 1905 4827 pass.
