4509 5584
1474 545 1649 620 ·.M.
1706 545 2348 669 ANTONIYS.
3401 570 3497 642 43

378 717 463 783 tit
493 716 596 785 vir
628 722 1003 807 praestans,
1036 715 1381 787 Vitellium
1414 710 1710 804 quoque,
1744 736 1895 785 cum

380 821 685 906 quietem
724 818 1092 909 publicam,
1147 833 1217 885 et
1249 819 1672 885 concordiam
1707 841 1897 905 prae-

366 922 637 1004 ferret,
694 925 1107 989 Concordiae
1167 942 1538 1007 cognomen
1587 923 1897 1008 sumpsis-

382 1045 462 1089 ιο
505 1027 586 1109 ⁸).
640 1024 830 1121 Quid
882 1024 1060 1111 quod
1104 1023 1298 1089 etiam
1344 1028 1419 1091 in
1463 1023 1646 1089 fastis
1686 1024 1894 1092 Idatio

358 1125 657 1191 -tributis
699 1127 1001 1221 legata-rt
1072 1128 1384 1191 Antonio
1451 1130 1753 1206 Pietate,
1825 1139 1896 1190 et

368 1228 711 1294 Isaurica.
768 1230 993 1312 Typus
1053 1227 1177 1292 sub
1217 1226 1449 1291 eadem
1493 1227 1776 1313 imagine
1824 1241 1895 1293 et

379 1329 778 1408 Fortunam,
810 1343 880 1395 et
908 1328 1230 1393 Pietatem
1264 1328 1489 1394 sociat.
1530 1330 1889 1393 Fortunam

378 1432 631 1497 faciunt
684 1431 1234 1517 gubernaculum,
1300 1444 1368 1495 et
1419 1432 1891 1517 cornucopiae,

377 1533 712 1598 Pietatem
758 1534 1051 1611 ciconia,
1107 1546 1177 1595 et
1217 1554 1330 1596 ara
1372 1532 1608 1619 ignita,
1660 1545 1735 1596 ut
1776 1531 1894 1596 nd-

380 1648 523 1699 tum
578 1656 664 1700 ex
712 1633 929 1698 numis
983 1631 1378 1698 familiarum
1433 1632 1772 1720 speciatim
1821 1633 1893 1697 in

383 1735 677 1802 Caecilia
721 1736 985 1801 Metelli
1035 1734 1403 1820 Scipionis,
1472 1749 1614 1800 tum
1666 1748 1741 1801 et
1792 1755 1893 1801 se-

381 1839 726 1925 quentium
768 1836 1270 1924 imperatorum.

520 1944 597 2004 In
647 1941 862 2004 numia
910 1942 961 2007 1.
1002 1954 1071 2003 et
1113 1942 1227 2004 111.
1279 1937 1456 2023 sedis
1505 1937 1752 2023 legitur
1796 1938 1891 2001 Μ.

382 2041 771 2106 BARBAT.
818 2040 905 2137 Q.
946 2044 1022 2104 P.
1089 2043 1226 2106 Eos
1275 2040 1410 2124 jam
1461 2039 1778 2126 proposui
1817 2039 1888 2102 in

378 2156 583 2229 gente
626 2143 933 2222 Valeria,
991 2143 1141 2230 quia
1182 2156 1367 2221 sunt,
1424 2143 1536 2229 qui
1578 2140 1886 2220 credunt,

374 2245 511 2310 hoc
594 2247 865 2311 nomine
951 2243 1456 2330 intelligendum
1529 2243 1886 2325 Barbatum

300 2426 315 2434 ⁴
373 2348 782 2413 Messallam.
873 2346 1010 2413 Sed
1089 2346 1344 2413 adverti
1420 2345 1514 2409 ihi
1589 2365 1887 2431 quoque,

376 2449 502 2513 sub
565 2449 801 2514 eadem
857 2451 1047 2519 haec,
1084 2462 1387 2534 tempora
1447 2446 1530 2512 ab
1583 2447 1884 2533 Appiano

376 2552 739 2617 memorari
780 2549 1157 2631 Barbatium
1214 2547 1564 2636 quemdam
1613 2549 1884 2613 Antonii

377 2668 837 2739 quaestorem,
934 2651 1277 2735 Βαρβατιος
1361 2645 1437 2714 δε
1489 2651 1521 2716 ὁ
1578 2652 1888 2715 Arre-mov

372 2777 612 2839 ταμοας
649 2750 765 2842 ¹²),
798 2754 926 2832 sic,
968 2767 1043 2818 ut
1080 2753 1442 2822 verisimile
1488 2754 1607 2833 sit,
1647 2773 1884 2821 vocem

374 2871 693 2922 truncam.
754 2854 1106 2942 legendam
1175 2856 1678 2935 BARBATius,
1747 2877 1881 2920 non

370 2960 846 3026 BARBATus.
924 2958 1104 3023 istud
1146 2958 1203 3022 si
1249 2979 1521 3035 verum,
1581 2958 1758 3023 citati
1813 2956 1885 3020 hi

376 3060 639 3125 denarii
694 3064 868 3126 ultra
919 3059 1097 3127 hunc
1147 3083 1386 3126 annum
1441 3060 1703 3126 moveri
1750 3080 1883 3122 non

372 3177 727 3249 poterunt3
784 3184 935 3229 nam
986 3162 1166 3228 addit
1224 3162 1473 3229 ibidem
1513 3162 1886 3247 Appianas,

374 3265 761 3330 Barbatium
805 3267 1044 3333 eodem
1086 3266 1219 3332 boc
1258 3285 1429 3332 anno
1473 3262 1556 3329 ab
1592 3263 1881 3330 Antonio

376 3368 771 3437 descivisse.

738 3613 823 3675 V.
859 3608 930 3674 C.
968 3613 1117 3690 714.
1159 3608 1257 3676 A.
1286 3607 1380 3673 X.
1418 3616 1531 3684 40.

560 3709 990 3779 ulman.
1024 3712 1098 3777 P.
1138 3711 1213 3779 C.
1256 3708 1450 3775 COS.
1488 3707 1691 3772 IMP.

2009 715 2393 788 Ventidium
2454 716 2526 781 in
2586 718 2865 783 Parthos
2923 680 3313 804 praemittit,
3388 726 3501 821 qui

2010 819 2181 886 duce
2229 818 2529 886 Labieno
2590 820 2674 887 ad
2725 841 2843 889 eos
2895 824 3229 912 transfuga
3278 826 3499 893 Asiam

2007 922 2141 989 late
2173 921 2527 992 vastabant.

2600 1106 2903 1174 Numi:

2335 1228 2430 1295 M.
2463 1225 2796 1293 ΔΝΤΟΝ.
2821 1229 3000 1299 ΙΜΡ.
3018 1226 3225 1304 AVG.
3243 1235 3505 1305 mvln.

2335 1330 2419 1395 R.
2450 1330 2529 1396 P.
2560 1330 2634 1396 C.
2679 1331 2930 1396 Lituus
2961 1346 3032 1397 et
3055 1324 3315 1418 guttas.

2005 1433 2085 1495 L.
2115 1428 2543 1500 PLANCVS.
2566 1432 2772 1498 PRO.
2793 1434 2984 1503 COS.
3015 1440 3092 1501 ln
3116 1438 3293 1503 alio:
3323 1442 3503 1508 mP.

2007 1533 2241 1601 ITER.
2315 1532 2572 1599 Guttus
2617 1538 2793 1599 incer
2822 1537 3132 1620 subnata,
3190 1553 3258 1604 et
3306 1544 3508 1605 cadu-

2006 1656 2214 1703 ceum.
2258 1635 2405 1703 AB.

2131 1735 2460 1803 Denarios
2517 1735 2642 1801 bos
2697 1739 3055 1824 explicatos
3109 1742 3237 1827 jam
3273 1736 3506 1810 'habes

2006 1840 2074 1904 in
2123 1853 2320 1926 gente
2363 1839 2688 1918 Munatia,
2742 1861 2826 1904 ex
2871 1860 2997 1928 qua
3037 1843 3162 1908 suit
3201 1844 3505 1914 Plancus.

2004 1943 2157 2006 Hoc
2209 1961 2378 2005 anuo
2430 1941 2626 2006 Asiae
2676 1945 3035 2027 proconsul
3086 1945 3167 2011 ab
3213 1947 3505 2013 Antonio

2008 2043 2398 2109 constitutus
2456 2057 2559 2109 est
2613 2046 2895 2109 Plancus
2946 2047 3039 2128 ο),
3116 2067 3266 2110 cum
3330 2069 3502 2113 anno

2002 2144 2445 2230 praecedente
2493 2145 2676 2210 bello
2716 2148 3042 2216 Perusino
3083 2170 3212 2236 pro
3257 2150 3342 2218 L.
3373 2153 3508 2214 An·

2002 2246 2189 2314 tonio
2222 2245 2633 2313 interfuisset
2661 2244 2760 2331 d),

2736 2349 2776 2389 0

2526 2397 2570 2436 ι
2944 2393 2986 2432 a
3119 2404 3124 2413 ·

2329 2453 2533 2517 ANT.
2597 2452 2776 2520 IMP.
2839 2453 3105 2520 111V1R.
3166 2453 3247 2519 R.
3296 2454 3370 2518 P.
3421 2454 3497 2519 C.

2335 2554 2552 2638 Caput
2605 2554 2910 2617 Antonii
2970 2555 3253 2632 nudum,
3328 2576 3504 2636 pone

2330 2655 2565 2720 lituus.
3391 2654 3402 2659 ’

2002 2755 2138 2819 CN.
2203 2755 2523 2822 DOMn'.
2580 2752 3266 2829 ARENOBARBVS.
3318 2758 3502 2824 IMP.

1992 2862 2213 2931 ,Prota
2250 2860 2480 2935 navis,
2531 2878 2748 2942 supra⁴
2776 2876 2977 2938 quam
3018 2871 3304 2924 astrum.
3355 2858 3501 2929 Av.

1999 2959 2141 3022 AB.
2176 2961 2380 3043 (Mus.
2406 2958 2627 3040 Caes.)

2125 3063 2277 3125 Hoc
2318 3080 2487 3125 anno
2525 3058 2852 3123 Domitius
2890 3058 3371 3125 Ahenobarbus
3415 3061 3498 3125 ad

1998 3166 2093 3230 M.
2132 3162 2526 3241 Antonium,
2578 3182 2761 3226 suum
2806 3160 2990 3246 prius
3032 3161 3323 3241 bostem,
3373 3176 3500 3227 tra·

1997 3265 2134 3329 dita
2168 3266 2232 3329 ei
2276 3263 2485 3329 classe
2521 3263 2837 3330 transivit.
2883 3263 3164 3350 Reliqua
3203 3262 3285 3327 ad
3321 3264 3496 3330 hunc

1997 3367 2340 3435 denarium
2379 3364 2774 3452 pertinentia
2817 3367 3130 3451 occupavi
3172 3366 3248 3430 in
3283 3369 3498 3432 numis

1997 3470 2213 3556 gentis
2244 3468 2600 3536 Domitiae.

2348 3714 2433 3775 V.
2474 3711 2546 3775 ο.
2586 3710 2737 3787 715.
2780 3712 2874 3777 A.
2906 3710 2997 3774 X.
3031 3706 3136 3795 39.

1862 3820 1869 3831 “
1990 3810 2293 3879 IIIVIR.
2344 3811 2423 3877 R.
2461 3809 2538 3876 P.
2584 3814 2654 3877 C.
2706 3811 2900 3879 COS.
2949 3811 3157 3876 ΗΕΒ.
3200 3813 3297 3883 II.
3345 3819 3490 3885 ET.

505 3877 801 3942 Irritatus
869 3899 905 3942 a
970 3875 1204 3942 Fulvia
1269 3895 1478 3941 uxore
1562 3873 1875 3939 adversus

378 3979 817 4046 Octavianum
860 3980 957 4042 Μ.
1000 3979 1321 4043 Antonius
1361 3979 1437 4040 in
1479 3976 1731 4042 Italiam
1772 3996 1879 4041 re-

374 4081 692 4161 vertitur,
748 4093 821 4145 et
862 4079 1114 4146 bellum
1153 4102 1283 4146 res·
1316 4078 1685 4165 spectabat,
1727 4098 1877 4147 cum

374 4197 747 4269 opportune
792 4196 1009 4247 morte
1054 4182 1327 4249 Fulviae
1374 4181 1677 4247 restituta
1719 4201 1877 4266 pax,

376 4306 503 4370 qua
531 4284 783 4349 Oriens
808 4284 1099 4347 Antonio
1123 4282 1504 4370 permissus,
1537 4281 1732 4371 eique
1766 4283 1879 4348 de·

374 4400 570 4472 nupta
617 4384 903 4453 Octavia
945 4386 1244 4452 Caesaris
1287 4405 1502 4452 soror.
1554 4384 1876 4450 Antonius

2495 3914 2631 3980 III.
2664 3913 2866 3978 IMP.
2896 3913 2996 3979 II.

2121 4081 2442 4146 Consules
2483 4080 2549 4143 in
2592 4099 2796 4145 annos
2831 4082 3010 4147 vm.
3043 4079 3490 4168 designantur,

1994 4193 2065 4246 et
2102 4181 2425 4245 Antonius
2467 4180 2734 4267 quidem
2772 4183 2842 4245 in
2888 4202 3090 4246 annos
3137 4184 3220 4252 V.
3257 4188 3331 4254 C.
3362 4208 3488 4263 ⁴720

1994 4296 2064 4346 et
2144 4282 2295 4364 723.
2402 4282 2754 4353 Ventidius
2833 4284 3233 4363 Labienum,
3334 4292 3490 4355 Par-

1990 4384 2273 4469 thosque
2326 4384 2397 4448 in
2456 4385 2686 4453 Cilicia
2739 4387 3193 4454 internecione
3252 4392 3485 4461 caedit.

428 4724 494 4794 a)
532 4719 707 4777 Suet.
735 4714 801 4770 in
824 4710 1025 4773 Vitell.
1057 4730 1109 4773 e.
1133 4728 1223 4780 ιε.

356 4811 416 4870 Β.
451 4812 521 4869 C.
550 4808 621 4866 1..
639 4803 719 4867 V.
750 4822 807 4860 c.
831 4811 917 4864 50.

1365 4714 1441 4788 b)
1475 4715 1545 4775 B.
1569 4717 1643 4775 C.
1664 4716 1737 4776 1..
1762 4716 1834 4779 V.
1865 4735 1915 4775 c.
1940 4730 2032 4783 31.

2181 4720 2245 4791 c)
2283 4716 2398 4776 Dio
2427 4716 2495 4775 L.
2518 4713 2781 4777 XLvm.
2810 4721 2860 4792 §-
2883 4727 2974 4783 24-
3124 4723 3194 4797 d)
3226 4726 3484 4803 Appian.

2853 4900 2990 4963 Fa
