4509 5584
1485 518 2146 657 svevsavs

1027 747 1067 787 O

1233 794 1272 831 fi

427 852 707 916 Exstant
754 850 965 914 adhuc
1013 849 1265 931 denarii
1314 845 1424 912 alii
1471 867 1619 914 cum
1664 851 1799 914 Au·

285 952 473 1038 gusti
509 953 741 1038 capite,
774 966 842 1017 et
874 954 1289 1037 magistratus
1316 952 1594 1015 Romani
1622 971 1805 1016 men·

283 1055 513 1131 tione,
554 1053 666 1139 qui
702 1054 770 1114 in
807 1053 1196 1116 familiarum
1234 1053 1448 1115 numis
1486 1051 1802 1137 descripti

285 1154 423 1240 jam
462 1169 642 1232 sunt,
695 1174 912 1241 neque
955 1155 1070 1218 bic
1102 1154 1520 1219 describendi
1571 1153 1798 1220 viden-

282 1256 432 1334 tur,
480 1240 628 1322 cum
658 1256 741 1319 ad
769 1256 1050 1339 Augusti
1081 1257 1418 1319 hist-oriam
1448 1256 1616 1320 nihil
1645 1278 1799 1321 con·

285 1357 544 1435 terant,
590 1370 869 1442 suntque
907 1370 1292 1443 sequentes:

419 1459 777 1527 COSSVS.
838 1460 970 1524 CN.

293 1577 501 1648 gente
541 1560 873 1628 Cornelia.

419 1662 922 1731 LENTVLVS.
964 1662 1236 1724 SPINT.
1277 1660 1543 1731 ibidem.

419 1765 500 1827 L.
560 1763 1061 1832 LENTVLVS.
1121 1764 1518 1831 FLAMEN.

286 1865 619 1944 TIALIS,
664 1864 932 1928 ibidem.

1034 1985 1077 2021 Q

825 2032 867 2071 ὓ
1241 2033 1282 2070 0

1576 1762 1800 1831 MAR-

275 2152 502 2220 Numi
548 2154 960 2218 IIIvirorum
1011 2151 1446 2215 monetalium
1496 2171 1645 2213 cum
1689 2169 1809 2215 ca·-

464 2258 657 2338 pite,
691 2256 800 2317 vel
832 2255 1273 2338 inscriptione
1295 2252 1629 2334 Augusti.
1716 2332 1723 2337 ,
1768 2308 1773 2315 .

415 2375 675 2438 Horum
723 2373 1138 2457 complures,
1191 2392 1341 2435 cum
1375 2370 1797 2455 chronologi-

282 2496 436 2540 cam
474 2488 696 2540 notam
739 2473 1085 2551 obtulere,
1133 2473 1203 2535 in
1243 2472 1459 2550 annis,
1508 2471 1591 2534 ad
1630 2490 1795 2557 quos

279 2576 629 2664 pertinere
740 2575 1132 2641 videbantur
1156 2618 1174 2653 ,
1303 2572 1792 2658 descripsimus.

280 2679 516 2758 Alios,
569 2677 684 2761 qui
729 2678 852 2741 bac
902 2690 1158 2755 carent,
1210 2674 1509 2739 dedimus
1562 2673 1633 2738 in
1675 2695 1794 2738 nu-

281 2782 413 2847 mis
480 2779 912 2861 familiarum3
992 2790 1067 2841 ut
1130 2777 1297 2840 adeo
1367 2797 1484 2841 eos
1550 2774 1794 2841 iterum

280 2903 704 2971 proponere,
776 2878 1181 2965 superfluum
1245 2878 1347 2943 sit.
1426 2876 1616 2942 Nuda
1672 2876 1794 2963 igi·

280 3000 401 3051 tur
445 3002 673 3050 eorum
714 2982 1013 3059 nomina,
1077 2994 1146 3047 et
1204 2979 1273 3042 in
1326 2978 1550 3043 aeneis
1602 2998 1792 3064 prae·

278 3102 476 3152 terea
546 3106 910 3173 numerum⁸
970 3083 1264 3166 ipsorum
1327 3078 1559 3144 modos
1620 3079 1796 3144 dabi·
1860 3096 1873 3103 ·

280 3210 457 3253 mus.
532 3190 611 3249 In
663 3188 785 3252 hac
845 3200 1064 3252 autem
1117 3184 1324 3248 classe
1379 3203 1496 3247 eos
1546 3195 1794 3249 tantum

276 3288 560 3355 mviros
602 3289 967 3354 monetales
1016 3285 1390 3363 exhibebo,
1446 3283 1561 3369 qui
1606 3283 1790 3351 Invi·

280 3389 351 3454 ri
390 3390 603 3476 ipsum
648 3392 911 3455 titulum
953 3388 1233 3465 addunt,
1281 3406 1575 3472 quosque
1619 3385 1788 3451 adeo

287 3504 481 3557 certo
521 3505 815 3573 constat,
866 3488 1072 3557 fuisse
1115 3491 1243 3554 hoc
1286 3506 1561 3552 munere
1601 3507 1788 3572 prae·

282 3594 461 3659 ditos
478 3640 498 3674 ‚
574 3616 864 3682 quorum
926 3614 1082 3660 sane
1141 3588 1508 3676 catalogum
1586 3588 1789 3654 nimio

282 3709 614 3763 auxerunt
670 3696 1058 3766 Vaillantins
1076 3739 1097 3774 ,
1157 3707 1227 3758 et
1279 3696 1790 3776 flavet-campus,

284 3810 365 3863 ut
404 3798 537 3883 jam
581 3797 652 3861 in
696 3798 1193 3882 prolegomenis
1228 3795 1311 3860 sd
1339 3814 1575 3861 numos
1608 3789 1791 3859 fami-

288 3901 541 3965 {iarum
581 3902 828 3966 monui.

353 4084 600 4152 Illvira·
648 4090 725 4151 in
759 4087 1056 4151 denar-iis
1098 4103 1250 4147 cuns
1289 4104 1378 4148 au
1386 4088 1546 4161 reis,
1592 4096 1731 4147 tum

860 4190 1219 4272 argenteis.

424 4306 497 4371 C.
532 4306 892 4374 Antistius
924 4309 1246 4391 Reginus.
1304 4320 1311 4325 '
1448 4344 1455 4353 ·

426 4409 505 4475 0.
539 4409 899 4475 Antistius
949 4412 1025 4474 V
1010 4419 1179 4473 etus
1264 4409 1478 4494 Hujus
1543 4406 1793 4493 aliquot

284 4524 527 4574 numos
560 4508 714 4576 vide
749 4509 889 4577 ad
868 4532 1107 4578 anuum
1138 4509 1289 4596 738.

418 4613 505 4680 L.
548 4613 914 4694 Aquillius
969 4615 1231 4684 florus.

392 4688 405 4701 ‚
1321 4611 1495 4686 Vide
1557 4632 1799 4681 sunum

286 4712 378 4783 V.
410 4714 489 4791 Q.
521 4711 678 4801 734.
1446 4726 1453 4741 ·

1028 1461 1105 1525 F.
1159 1457 1667 1541 LENTVLVS,
1726 1458 1797 1522 in
1910 1484 1917 1487 “

3185 654 3198 663 .
3252 600 3395 670 123

2034 746 2119 814 L.
2173 746 2498 812 Caninius
2564 747 2829 815 Gallus.
2920 747 3091 818 Vide
3161 750 3405 816 annum

1908 849 1998 920 V.
2028 850 2101 917 C.
2138 849 2290 931 734.

2040 953 2146 1015 M
2177 954 2524 1015 Durrnius.
2569 950 2739 1020 Vide
2777 957 3012 1016 annum
3042 948 3126 1021 V.
3147 953 3223 1020 C.
3249 950 3403 1032 734.

2049 1053 2125 1118 0.
2147 1054 2425 1119 Marius
2463 1055 2731 1137 Trogus.
2775 1054 2947 1124 Vide
2977 1075 3215 1118 annum
3231 1055 3315 1124 V.
3331 1055 3406 1120 C.

2036 1256 2118 1321 L.
2145 1257 2519 1322 Mescinius
2541 1257 2780 1343 Rufus.
2811 1255 2984 1326 Vide
3009 1276 3213 1324 annos
3229 1255 3313 1330 V.
3330 1255 3407 1324 C.

1908 1354 2069 1443 737,
2110 1357 2262 1441 738·

2037 1463 2116 1525 P.
2158 1461 2514 1523 Petronius
2567 1461 3014 1545 Turpilianus.
3070 1461 3245 1531 Vide
3302 1481 3412 1527 au·

1908 1580 2065 1631 num
2100 1560 2186 1629 V.
2217 1560 2292 1626 C.
2326 1560 2476 1643 734.

2037 1663 2142 1726 M.
2164 1660 2594 1741 Sanquinius.
2621 1661 2793 1729 Vide
2812 1684 3046 1727 annum
3062 1665 3147 1733 V.
3165 1663 3239 1730 C.
3258 1663 3406 1747 737.

2045 1766 2118 1828 C.
2166 1764 2508 1846 Sulpicius
2549 1765 2960 1830 Platorinus.
2992 1765 3167 1849 «Ejus
3210 1762 3407 1830 dene*

1909 1864 1997 1930 rii
2056 1862 2305 1949 signati
2350 1884 2556 1947 usque
2618 1863 2701 1927 ad
2759 1865 2842 1935 V.
2890 1866 2964 1932 C.
3016 1875 3179 1951 742,
3262 1884 3414 1931 nam

1910 1966 2158 2058 habent
2208 1979 2404 2050 caput
2454 1966 2826 2052 Agrippae,
2888 1968 3028 2057 qui-
3058 1968 3190 2033 hoo
3242 1988 3412 2034 anne

1915 2068 2104 2133 obfiu
3500 2128 3516 2147 ,

2038 2170 2121 2235 L.
2156 2170 2491 2237 Vinicius.
2533 2169 2706 2240 Vide
2743 2191 2982 2234 annum
3017 2169 3104 2238 V.
3137 2168 3215 2236 C.
3257 2168 3410 2254 738.

2152 2408 2402 2474 IIIviri
2433 2411 2508 2474 in
2541 2413 2768 2474 aeneis
2800 2412 2861 2477 Ῑ.
2879 2416 3177 2497 jbrmae.

2186 2573 2332 2644 OB.
2354 2576 2600 2647 CIVIS.
2619 2578 3114 2645 SERVATOS.
3145 2578 3412 2641 Corona

2186 2696 2438 2757 querna
2468 2681 2649 2741 inter
2683 2682 2849 2743 duos
2884 2682 3071 2743 lauri
3102 2698 3346 2742 ramos.

1908 2775 2197 2860 (Nomen
2225 2779 2505 2860 Illviri)
2551 2778 2816 2849 111V1R.
2863 2782 2944 2848 A.
2981 2781 3067 2850 A.
3096 2778 3179 2848 A.
3219 2779 3297 2842 F.
3332 2778 3412 2843 F.

1906 2881 1982 2942 in
2012 2882 2268 2943 medio.-
2312 2880 2384 2947 S.
2423 2880 2514 2947 C.-

2037 2978 2123 3074 ρ.
2156 2979 2386 3044 Aelius
2429 2982 2673 3048 Lamia.

2038 3081 2411 3148 C.·Asinius
2455 3083 2702 3147 Gallus·

1946 3174 1959 3191 ⁸
2039 3183 2113 3249 C.
2152 3182 2410 3250 Cassius
2449 3184 2674 3248 Celer.

2036 3286 2113 3352 C.
2141 3286 2395 3350 Gallius
2426 3287 2795 3372 Lupercus.

2032 3389 2113 3454 Ρ.
2142 3386 2438 3451 Licinius
2473 3388 2688 3455 Stolo.

2029 3489 2104 3553 C.
2138 3488 2430 3553 Marcius
2463 3486 2883 3553 Censorinus.

2030 3591 2109 3653 P.
2143 3589 2430 3656 Naevius
2465 3590 2805 3654 Surdinus.

1938 3760 1954 3773 .
2033 3694 2109 3761 C.
2142 3691 2399 3757 Plotius
2437 3691 2673 3759 Rufus.

1948 3870 1957 3876 ·
2032 3798 2119 3862 T.
2151 3792 2495 3889 Quinctius
2535 3792 2874 3875 Crispinus
2911 3792 3342 3879 Sulpicidnus.

2028 3898 2127 3964 Μ.
2156 3896 2570 3981 Sanquinius.
3229 3920 3234 3923 ·

2034 3997 2140 4068 Ti.
2171 3997 2604 4082 Sempronius
2642 3994 3000 4061 Gracchus.

1905 4186 2151 4253 ιιιυεη·
2199 4187 2276 4249 tn
2325 4184 2584 4260 aeneis,
2624 4150 2931 4266 firmam
2985 4180 3045 4244 ι.
3100 4181 3416 4245 nonnihil

2410 4281 2906 4346 excedentibus.

2236 4400 2610 4470 CAESAR.
2677 4398 3065 4470 AVGVST.
3119 4400 3409 4468 ·PONT.

2234 4507 2453 4571 mx.
2480 4502 2921 4572 TRIBVNIC.
2948 4500 3153 4569 Po‘r.
3195 4508 3414 4589 Caput

2238 4609 2552 4693 Augusti
2568 4650 2588 4685 ,
2660 4608 2775 4669 cui
2841 4608 3152 4675 Victoria
3231 4620 3411 4672 retro

2237 4722 2429 4776 stans
2461 4708 2764 4774 lauream
2798 4708 3067 4793 alligat.

2753 4807 2904 4903 Qs
