4509 5584
1574 584 2241 664 M.BRvTvs
2658 684 2662 689 ,
3376 613 3469 693 19

342 760 532 826 vario
583 754 857 845 metallo
918 751 1245 831 edocere,
1302 750 1589 818 liberum
1640 720 1848 839 cuivis

336 861 751 947 relinquens,
796 857 971 944 quod
1009 852 1281 942 singulis
1313 858 1631 940 pretium,
1672 857 1851 943 quod

332 963 744 1050 ‘plerumque
789 982 824 1022 a
869 959 1131 1023 fortuna
1170 958 1450 1044 pendet,
1502 958 1666 1022 velit
1699 980 1853 1023 con-

1962 743 2161 835 tinet,
2200 744 2339 843 *quo
2385 755 2535 822 loco
2582 775 2698 820 eos
2738 754 3145 837 describam,
3189 780 3465 827 monere

1966 880 2098 923 non
2155 859 2524 944 negligam,
2582 858 2638 921 si
2681 860 2794 944 qui
2838 860 3077 924 eximia
3121 877 3268 926 suut
3311 866 3472 928 rari-

1968 974 2139 1042 tate,
2196 974 2266 1027 et
2307 974 2468 1048 typo
2506 959 2811 1040 erudito,
2861 983 3079 1050 neque
3121 963 3318 1032 facile
3363 967 3477 1032 ob-

340 1067 649 1133 stituere.
725 1060 925 1159 Quod
987 1061 1070 1126 ad
1131 1061 1424 1146 singulos
1473 1050 1708 1124 numos
1763 1075 1857 1125 at·
1965 1062 2098 1129 vio.

749 1199 959 1263 Aurei
1002 1199 1143 1262 sine
1187 1198 1399 1283 capite
1444 1201 1496 1265 1.
1535 1199 1831 1263 Caesaris

920 1322 1073 1365 cum
1117 1300 1259 1385 ejus
1304 1300 1519 1384 capite
1750 1336 1781 1350 -

745 1402 1071 1488 Argentei
1114 1402 1256 1466 sine
1299 1402 1441 1487 ejus
1485 1401 1698 1487 capite
1752 1434 1776 1454 -

916 1523 1067 1569 cum
1113 1504 1255 1588 ejus
1298 1504 1511 1588 capite
1746 1539 1778 1557 -

2916 1200 2994 1268 C.

2918 1304 3066 1371 RB.

2923 1404 3001 1470 C.

2920 1506 3006 1570 R.

704 1637 711 1642 ’
749 1590 965 1671 Αόιιοί
998 1609 1050 1673 Ι.
1092 1620 1162 1669 et
1196 1609 1275 1671 11.
1309 1605 1560 1670 formae
1583 1653 1603 1686 ,
1644 1605 1712 1667 in
1751 1606 1984 1691 quibus
2021 1604 2176 1670 hinc
2213 1618 2409 1691 caput
2445 1609 2495 1674 1.
2530 1606 2760 1672 Caesa-

916 1709 1044 1787 ris,
1080 1708 1262 1772 illinc
1297 1709 1613 1793 Augusti,
1648 1708 1958 1775 videntur
2004 1729 2152 1773 esse
2187 1707 2525 1772 commatis
2558 1730 2750 1793 pere·
2782 1756 2788 1763 -

914 1802 1089 1893 grstii
1103 1855 1121 1888 ,
1168 1824 1446 1895 suntque
1560 1843 1589 1859 ·
1754 1843 1783 1860 ·

746 1911 961 1975 Aenei
1005 1912 1117 1977 111.
1163 1910 1449 1988 formae,
1495 1924 1563 1974 et
1604 1908 1923 1974 maximae

2923 1812 2999 1877 c,

2328 1910 3001 1978 ---o.

462 2015 575 2078 De
623 2013 837 2077 numis
882 2012 1191 2091 Graecis,
1231 2026 1303 2077 et
1345 2010 1751 2076 coloniarum
1796 2024 2009 2076 actum
2053 2032 2275 2098 supra.

741 2241 849 2304 M.
908 2236 1305 2305 IVNIVS
1363 2238 1822 2303 BRVTVS
1879 2236 2116 2305 [ΜΡ.
2173 2238 2299 2320 qut
2347 2250 2414 2301 οι
2476 2240 2559 2325 ρ.
2624 2206 3075 2306 CAEPIO.

456 2413 544 2472 In
598 2406 862 2471 funesto
921 2406 1089 2490 reip.
1137 2403 1435 2468 dissensu
1493 2406 1610 2470 Cn.
1655 2406 1854 2469 Pom-

330 2512 469 2595 peji
530 2513 631 2575 ΖΜ.
681 2523 906 2595 partes
955 2521 1250 2585 secutus,
1303 2506 1480 2591 quod
1526 2507 1849 2571 libertatis

334 2614 449 2676 ille
498 2634 771 2678 eausam
816 2611 1233 2688 obtenderet,
1281 2623 1429 2693 post
1473 2608 1727 2674 cladem
1765 2608 1849 2673 ad

334 2717 735 2781 Pharsalum
792 2734 928 2777 non
981 2712 1179 2776 modo
1232 2711 1424 2777 venia
1478 2734 1515 2775 a
1567 2713 1846 2776 Caesare

337 2818 662 2892 donatus,
730 2815 850 2879 sed
912 2814 1322 2899 amplissimis
1384 2813 1579 2876 etiam
1642 2813 1852 2875 hono·

274 2998 283 3007 “
336 2919 516 2982 ribus
580 2917 885 2983 adfectus
945 2917 1119 2980 istud
1175 2915 1365 2979 tantis
1410 2915 1551 2998 ejus
1594 2914 1848 2978 meritis

336 3018 678 3104 rependit,
708 3033 781 3082 ut
810 3020 951 3102 ejus
985 3017 1332 3083 occidendi
1361 3019 1667 3102 princeps
1697 3036 1848 3080 cum

337 3124 408 3187 C.
464 3119 703 3185 Cassio
764 3134 994 3184 auctor
1049 3133 1245 3184 esset.
1333 3123 1549 3206 Atque
1608 3119 1848 3181 horum

336 3222 726 3287 recordatio
773 3221 1249 3285 beneficiorum
1299 3221 1369 3282 in
1423 3221 1569 3305 ipso
1627 3220 1849 3284 caedis

339 3325 633 3388 tumultu
684 3343 992 3407 magnum
1051 3322 1334 3388 advertit
1377 3322 1671 3385 Caesaris
1716 3320 1848 3386 ani-

337 3451 552 3505 mum,
609 3425 709 3489 sie
745 3438 821 3488 ut
853 3427 1062 3488 Bruto
1096 3425 1164 3486 in
1198 3444 1662 3509 percussorum
1712 3437 1849 3486 tur-

335 3531 414 3594 ba
457 3540 833 3612 conspecto
875 3527 942 3589 in
985 3527 1150 3591 haec
1205 3527 1408 3591 verba
1462 3546 1865 3613 prorumpe-—

332 3646 473 3696 ret:
524 3646 703 3697 tune
741 3634 948 3693 etiam
992 3632 1172 3692 inter
1214 3630 1336 3690 hos
1377 3651 1478 3707 es,
1512 3627 1683 3712 fill?
1726 3627 1847 3690 Pa-

335 3748 505 3798 trato
559 3729 929 3819 parricidio
977 3731 1044 3792 in
1091 3729 1494 3815 provinciam
1538 3727 1846 3792 Macedo·

314 3818 506 3899 'niam
558 3833 941 3919 profectus,
995 3852 1143 3895 cum
1190 3832 1344 3915 lege
1380 3830 1583 3894 Pedia
1626 3831 1849 3914 conju·

334 3938 611 4003 rationis
679 3934 876 4000 sociis
930 3932 1181 3996 bellum
1238 3932 1551 3996 indictum
1608 3933 1848 3997 intelli·

339 4053 565 4125 geret,
622 4058 767 4101 non
822 4036 949 4115 iam
1005 4036 1171 4118 reip.
1215 4035 1459 4110 solum,
1514 4034 1633 4099 sed
1688 4056 1844 4099 suae

340 4143 540 4206 etiam
583 4138 816 4204 salutis
860 4159 1051 4202 causa
1092 4135 1174 4200 ad
1215 4136 1347 4201 vim
1389 4136 1843 4220 repellendam

340 4264 751 4321 conversus,
811 4262 1046 4308 verum
1099 4239 1181 4302 ad
1231 4238 1573 4324 Philippos
1629 4243 1848 4303 Mace-

339 4344 577 4409 doniae
640 4342 724 4407 ab
782 4341 1072 4405 Antonio
1118 4354 1185 4404 et
1230 4340 1590 4407 Octaviano
1634 4343 1843 4409 victus

337 4460 630 4510 mortem
668 4444 795 4508 sibi
829 4445 971 4527 ipse
1009 4443 1326 4507 conscivit
1369 4465 1603 4508 annum
1641 4466 1845 4528 agens

336 4549 736 4633 septimum,
782 4558 851 4609 et
893 4544 1334 4623 tricesimum,
1377 4545 1845 4630 integerrimae

1964 2403 2070 2470 vir
2111 2403 2317 2483 vitae,
2379 2404 2707 2490 nullisque
2759 2419 2870 2471 aut
2918 2409 3308 2494 voluptatis,
3365 2420 3476 2471 aut

1966 2507 2276 2572 avaritiae
2330 2509 2727 2591 corruptelis
2776 2508 3078 2593 pervius,
3140 2531 3471 2596 quemque

1964 2630 2166 2671 unum
2220 2608 2519 2686 virtutis,
2579 2624 2649 2673 et
2701 2612 2964 2675 honesti
3016 2629 3207 2677 causa
3248 2611 3331 2675 ad
3373 2614 3475 2672 in-

1964 2709 2424 2774 terficiendum
2456 2711 2804 2776 Caesarem
2835 2712 3244 2799 compulsum
3293 2731 3491 2777 com--

1964 2812 2177 2876 munis
2220 2812 2479 2877 ferebat
2522 2813 2784 2899 opinio,
2838 2835 2989 2879 cum
3043 2816 3286 2879 ceteris
3336 2834 3472 2878 om·

1963 2914 2154 2977 nibus
2214 2915 2339 2980 alia
2392 2916 2670 2978 fuissent
2719 2918 3078 3000 proposita.
3149 2918 3239 2979 At
3294 2916 3472 2980 enim

1962 3017 2238 3079 multum
2276 3039 2314 3080 a
2345 3036 2501 3081 vera
2532 3015 2725 3080 laude
2772 3017 3086 3096 detraxit,
3126 3038 3262 3080 nou
3306 3031 3468 3096 tam,

1963 3118 2140 3204 quod
2189 3117 2458 3182 decreta
2501 3119 2795 3181 Caesaris
2837 3139 3005 3183 nece
3049 3121 3197 3205 pius
3240 3121 3310 3182 in
3349 3142 3463 3205 pa·

1959 3224 2151 3285 triam
2207 3240 2354 3286 esse
2412 3241 2547 3284 non
2607 3234 2903 3304 poterat,
2970 3221 3126 3307 quin
3187 3242 3335 3286 sese
3397 3222 3466 3285 in

1961 3338 2303 3408 parentem
2343 3322 2622 3387 alterum
2660 3323 3122 3407 comprobaret
3154 3324 3463 3409 impium,

1964 3420 2156 3510 quam
2228 3424 2405 3511 quod
2486 3425 2826 3491 obversari
2904 3426 3120 3489 animo
3194 3425 3458 3504 debuit,

1961 3528 2264 3592 inutilem
2308 3548 2451 3591 eam
2493 3528 2678 3619 fore,
2720 3527 3282 3615 inconsultamque
3324 3530 3467 3613 pie·

1961 3641 2196 3706 tatem,
2265 3629 2487 3692 multis
2550 3650 2675 3715 pro
2735 3652 2869 3696 uno
2933 3630 3003 3693 in
3066 3651 3145 3695 ea
3205 3649 3470 3693 morum

1962 3730 2339 3816 corruptela
2392 3733 2629 3816 paratis
2683 3732 3102 3812 Caesaribus,
3161 3745 3229 3797 et
3284 3731 3463 3819 quod

1964 3846 2237 3898 eventus
2268 3832 2510 3912 docuit,
2540 3834 2745 3898 multo
2777 3835 3123 3920 superbius
3152 3835 3465 3899 atrocius·

1963 3956 2090 4021 que
2134 3934 2410 4007 victoria
2452 3936 2687 4000 usuris.
2751 3936 3001 4002 Confer
3043 3936 3299 4021 insigne
3346 3937 3463 3999 Se·-

1960 4057 2166 4101 necae
2204 4036 2333 4100 hoe
2372 4059 2572 4122 super
2609 4053 2998 4123 argumento
3032 4037 3346 4123 judicium
3378 4039 3460 4119 ⁶).

1960 4140 2050 4201 At
2076 4138 2254 4202 idem
2293 4152 2626 4204 aeternam
2663 4139 2835 4205 vitae
2871 4161 3024 4204 suae
3061 4140 3294 4203 inussit
3329 4159 3464 4201 ma-

1945 4236 2211 4319 bulam,
2257 4243 2512 4325 quando
2561 4256 2885 4328 concepto
2929 4243 3100 4306 vitae
3150 4240 3458 4325 abjicien-

1961 4341 2083 4407 dae
2127 4344 2465 4428 proposito
2500 4343 2668 4408 illud
2699 4344 3010 4410 Herculis
3053 4346 3267 4431 palam
3306 4364 3467 4429 pro-

1960 4444 2175 4511 fessus
2216 4457 2320 4509 est
2350 4441 2454 4530 ἰῆς

404 4736 470 4807 a)
506 4738 604 4795 De
633 4731 899 4793 Beuaflc.
926 4731 992 4790 L.
1014 4733 1087 4792 11.
1121 4745 1276 4796 e.20.

1425 4731 1495 4807 b)
1536 4734 1649 4793 Dio
1675 4735 1738 4793 1..
1772 4733 2215 4812 XLVn..c..a9.1

2715 4818 2964 4897 ‘Ca
