4509 5584
1669 558 2252 635 TIBERI‘V'S.
2304 566 2320 581 ⁶

416 750 487 802 ut
523 735 589 802 ei
624 751 850 800 omnes
879 733 1177 814 Angusto
1218 726 1450 793 tributi
1478 728 1768 794 honores
1798 727 1913 792 de·

416 849 883 910 cernerentur,
933 854 1081 898 cum
1129 831 1203 920 hi
1251 850 1384 894 nen
1429 843 1650 894 essent
1695 830 1909 894 statim

418 938 708 1015 decreti,
744 958 876 999 non
910 936 1035 998 alia
1067 945 1396 996 mortuum
1430 953 1538 1008 re,
1573 954 1762 1018 quam
1793 954 1910 1016 pu·

417 1041 588 1104 blica
616 1027 948 1122 sepultura
976 1025 1311 1098 decoravit
1341 1034 1419 1113 ⁸).
1462 1033 1683 1128 Quare
1712 1034 1905 1098 etiam

412 1142 482 1203 iu
543 1160 742 1202 numo
799 1136 1284 1213 Alexandrino,
1360 1134 1469 1219 qui
1538 1137 1902 1225 imperante

415 1244 684 1306 Nerone
721 1240 1008 1323 signatus
1045 1251 1177 1315 est,
1223 1236 1462 1300 dicitur
1496 1250 1743 1300 tantum
1778 1236 1905 1299 TI-

414 1336 777 1406 ΒΕΡΙΟΣ.
812 1337 1201 1416 ΚΑῙΣΑΡ,
1260 1353 1489 1421 estque
1533 1337 1673 1423 ejus
1710 1350 1904 1421 eaput

415 1448 801 1517 laureatum,
834 1460 985 1504 oum
1022 1453 1236 1502 tamen
1257 1441 1588 1520 'Augustus
1623 1454 1691 1503 et
1717 1440 1906 1503 Clau-

417 1543 562 1609 dius
628 1543 697 1605 in
768 1542 1062 1624 ejusdem
1123 1542 1270 1605 aevi
1331 1541 1543 1604 n'umis
1608 1537 1906 1603 dicantur

418 1642 671 1722 ΘΕΟῙ,
718 1658 784 1708 et
820 1657 1011 1728 eaput
1051 1642 1366 1705 radiatum
1402 1640 1707 1714 offerant.

543 1747 731 1812 onr
791 1746 842 1809 l.
934 1749 1264 1828 Vipsam'a
1315 1745 1734 1823 Αεζνίρρίηα,
1811 1742 1907 1807 Μ.

417 1848 751 1933 Agrippae
796 1844 964 1923 filia,
1030 1844 1502 1930 quam-eximie
1549 1842 1782 1906 dilexit
1822 1841 1910 1924 b),

416 1969 648 2016 verum
697 1947 1046 2030 repudiare
1092 1948 1305 2029 jussus
1350 1961 1450 2009 est
1492 1944 1572 2006 ab
1614 1945 1912 2027 Augusto

418 2051 504 2118 V.
530 2052 610 2113 C.
636 2059 798 2130 742,
833 2062 904 2110 ut
935 2047 1160 2114 Iuliam
1199 2046 1477 2132 Augusti
1508 2047 1584 2109 F.
1606 2045 1908 2109 duceret.

419 2153 586 2215 Data
655 2150 926 2214 subinde
996 2150 1065 2212 in
1137 2149 1619 2212 matrimonium
1680 2145 1910 2210 Asinio

421 2252 616 2317 Gallo
661 2253 802 2315 sola
843 2251 1130 2315 omnium
1168 2252 1502 2334 Agrippae
1546 2249 1909 2312 liberorum

421 2353 563 2417 miti
605 2352 787 2416 obitu
836 2354 1119 2416 excessit
1154 2354 1234 2422 V.
1273 2354 1343 2416 C.
1372 2352 1496 2436 773
1529 2353 1615 2433 0).
1666 2350 1908 2411 Filium

422 2456 649 2519 habuit
678 2458 1006 2533 Drusum,
1039 2454 1121 2517 de
1155 2474 1283 2540 quo
1312 2474 1487 2519 mox.
1516 2453 1744 2518 Numis
1760 2452 1909 2536 ipsa

424 2570 623 2621 caret.

548 2660 735 2725 onr
767 2658 850 2724 11.
907 2655 1093 2718 Iulia
1129 2651 1409 2740 Augusti
1438 2674 1531 2718 ex
1570 2653 1910 2726 Scribonia
1948 2661 1961 2668 ”

422 2759 593 2837 filia,
669 2778 819 2822 cum
883 2778 1005 2841 qua
1062 2757 1278 2839 primo
1338 2756 1760 2820 concorditer
1816 2755 1909 2819 vi·

423 2863 549 2939 xit,
606 2881 763 2924 mox
813 2857 1118 2935 dissedit,
1178 2881 1215 2922 a
1266 2871 1457 2941 patre
1507 2872 1784 2942 propter
1830 2859 1915 2921 li-

421 2962 678 3026 bidines
718 2962 787 3025 in
831 2961 1096 3024 exilium
1143 2959 1388 3043 ejecta,
1436 2980 1566 3044 quo
1612 2973 1912 3043 tempore

416 3067 689 3130 maritus
725 3063 948 3126 Rhodi
980 3061 1143 3126 vixit
1172 3061 1258 3143 d).
1303 3063 1406 3124 De
1438 3081 1516 3124 ea
1543 3060 1694 3125 vide
1727 3061 1914 3144 plura

416 3188 617 3252 supra
664 3167 732 3227 in
783 3165 924 3247 ejus
969 3164 1205 3229 nuruis.
1270 3165 1375 3226 Ex
1419 3162 1545 3226 hoc
1584 3162 1915 3226 matrimo-

420 3268 535 3332 nio
575 3281 763 3332 natus
806 3266 1146 3351 Aquileiae
1191 3264 1398 3344 filius,
1440 3262 1566 3328 sed
1617 3278 1911 3339 mortuus

414 3368 636 3434 —infans
668 3371 748 3453 ο).

1138 3570 1178 3606 Q

930 3616 970 3656 ἃ
1345 3615 1385 3655 ἃ

544 3773 746 3838 Numi
793 3772 987 3858 hujus
1033 3772 1237 3856 partis
1286 3771 1436 3837 anni
1482 3793 1615 3838 non
1659 3784 1914 3836 exstant

404 3876 624 3954 verti,
689 3896 1049 3962 quanquam
1100 3888 1166 3938 et
1213 3875 1341 3938 hue
1389 3875 1758 3959 pertineant
1798 3895 1916 3936 nu-

404 3979 513 4042 -mi
564 3978 714 4043 trib.
770 3967 1089 4061 potestate
1151 3978 1506 4044 xxxvm.
1579 3975 1913 4058 inseripti,

410 4101 587 4166 quos
642 4079 1103 4166 descripsimus
1163 4079 1317 4143 inde
1360 4078 1446 4141 ab
1501 4097 1673 4142 auno
1718 4079 1806 4146 V.
1837 4077 1910 4142 C.

407 4184 570 4268 787·

947 4329 988 4370 O
1155 4283 1193 4320 *
1360 4327 1401 4367 Ι

362 4723 373 4734 ·
501 4705 566 4778 q)
602 4702 717 4763 Dio
747 4702 814 4763 L.
833 4700 978 4762 LIX.
1014 4697 1062 4777 §-
1084 4713 1140 4768 3.

427 4794 497 4869 d)
528 4793 690 4855 Suet.
722 4794 787 4853 iu
817 4793 969 4871 Tib„
990 4804 1114 4859 ατ.
1324 4792 1399 4865 e)
1431 4790 1596 4882 Suet.
1623 4786 1664 4848 l.
1689 4807 1741 4847 c.
1780 4871 1797 4898 x

1328 4675 1335 4680 ’
1379 4699 1450 4772 b)
1493 4698 1655 4755 snat.
1684 4661 1908 4757 in'rib.
1943 4708 2068 4760 ω.

1959 4789 2017 4862 s)
2042 4785 2163 4849 mo
2192 4785 2261 4846 1..
2278 4784 2456 4848 Lvn.
2485 4788 2539 4859 ς.
2558 4794 2612 4851 a.

3368 584 3510 678 ¹99.

2323 749 2330 755 ·
2389 725 2602 793 ,Numi
2630 729 3155 797 restitutionum.

2150 930 2293 991 Hos
2340 927 2496 1008 dedi
2541 933 2609 994 in
2644 944 2918 996 tractatu
2954 930 3038 996 de
3080 933 3296 1000 numia
3327 937 3516 1001 resti-

2020 1029 2365 1096 tutionum.
3517 1029 3522 1036 ’

2156 1311 2169 1324 -
2212 1265 2217 1270 ’
2281 1268 2495 1334 ,Numi
2525 1273 2874 1334 commatis
2891 1276 3257 1356 peregrini.

2144 1434 2445 1500 Graecae
2505 1437 2705 1499 urbes
2767 1436 3016 1502 liberae
3079 1460 3214 1503 non
3271 1458 3514 1525 paucae

2022 1557 2255 1598 numos
2323 1559 2473 1618 cum
2538 1538 2792 1601 Tiberii
2858 1540 3069 1623 capite
3142 1527 3518 1625 signarunt.

2024 1637 2136 1721 qui
2160 1638 2408 1720 patriae
2445 1644 2844 1703 mentionem
2886 1642 2992 1707 vix
3026 1642 3349 1708 omittunt.
3513 1631 3520 1640 ’

2154 1739 2575 1804 Coloniarum
2651 1743 2833 1804 numi
2907 1743 3054 1825 plus
3120 1731 3520 1807 difficultatis

2027 1840 2319 1924 pariunt,
2380 1841 2464 1904 de
2504 1863 2782 1927 quorum
2823 1843 3029 1926 patria
3063 1844 3132 1905 in
3165 1844 3522 1927 compluri-

2027 1942 2149 2005 bus
2194 1943 2342 2026 jure
2392 1942 2755 2019 dubitatur,
2810 1958 2880 2006 ut
2921 1944 3031 2029 qui
3078 1944 3522 2010 inscribuntur

2026 2044 2098 2107 C·
2136 2045 2208 2108 C.
2239 2046 2289 2110 1.
2329 2045 2407 2109 Ρ.
2441 2045 2547 2108 vel
2571 2091 2589 2122 ,
2647 2045 2718 2109 C.
2759 2047 2806 2110 1.
2839 2046 2974 2107 PA.
3014 2047 3153 2110 vel:
3213 2049 3286 2113 P.
3320 2051 3397 2112 P.
3434 2050 3519 2114 D.

2023 2148 2108 2211 D.
2138 2146 2275 2212 vel:
2312 2147 2388 2212 P.
2428 2147 2493 2208 S.
2540 2148 2608 2211 S.
2657 2149 2729 2213 C.
2771 2168 2933 2231 quos
2971 2148 3338 2234 descriptos
3365 2148 3519 2217 vide

2023 2247 2196 2312 inber
2224 2269 2457 2312 numos
2492 2249 2923 2332 Carthaginis,

2148 2349 2342 2411 Adde
2381 2370 2622 2414 aeneos
2659 2352 2874 2414 variae
2911 2350 3163 2414 formae
3186 2371 3346 2416 ‘eum
3385 2353 3523 2437 epi-

2026 2451 2313 2534 graphe:
2348 2451 2567 2515 ROM.
2604 2454 2746 2517 ET.
2776 2452 3009 2532 AVG„
3053 2453 3163 2539 qui
3195 2467 3345 2516 sunt
3375 2475 3523 2537 per·

2023 2551 2444 2637 frequentes,
2482 2567 2549 2617 et
2578 2537 2660 2615 de
2702 2538 2974 2639 quibus,
3023 2576 3336 2640 quorsum
3371 2577 3523 2639 per·

2024 2654 2309 2732 tineent,
2350 2654 2631 2738 judicavi
2664 2656 2733 2717 in
2777 2657 2990 2721 numis
3025 2656 3309 2740 Augusti
3347 2676 3522 2722 eom·

2025 2755 2212 2820 matis
2244 2757 2607 2842 peregrini.

2168 2973 2652 3043 NOMINA
2722 2977 2881 3039 Ae
2963 2976 3378 3044 TITVLI.

2293 3144 2740 3220 Οἵαιιᾱὶαηιιε,
2792 3137 3250 3209 Germanicus.

2148 3263 2260 3325 'De
2297 3264 2562 3326 nomine
2610 3263 2973 3325 Claudiani
3002 3262 3254 3346 egimus
3287 3263 3523 3338 inAn-

2026 3365 2282 3427 nulibus
2323 3365 2403 3429 ad
2444 3367 2528 3434 V.
2570 3365 2642 3428 C.
2692 3366 2843 3445 757.
2942 3363 3380 3428 Germanicus
3428 3365 3522 3427 ‹li-

2022 3481 2169 3530 otus
2216 3481 2319 3529 est
2365 3455 2640 3551 propter
2685 3487 2792 3529 res
2835 3488 2871 3528 a
2903 3465 3297 3530 Germanico
3332 3488 3523 3552 prae-

2024 3570 2205 3631 clare
2244 3583 2459 3653 gestas
2516 3567 2590 3649 s).
2654 3568 2989 3631 Claudiani
3024 3590 3264 3633 nomen
3297 3585 3366 3635 et
3406 3593 3523 3634 nu-

2026 3670 2153 3748 mi,
2200 3684 2269 3733 et
2316 3693 2640 3735 marmora
2667 3670 2981 3734 hactenus
3013 3685 3163 3735 nota
3195 3674 3521 3760 ignorant,

2025 3787 2099 3836 ut
2132 3786 2199 3835 et
2235 3770 2610 3836 Germanici
2645 3795 2886 3837 nomen
2923 3773 3137 3851 numi,
3172 3774 3291 3838 sed
3323 3773 3522 3840 habet

2028 3874 2203 3939 istud
2232 3895 2520 3952 marmor
2555 3875 2727 3961 apud
2754 3874 3109 3938 Gruterum
3140 3877 3228 3958 ε).
3263 3951 3268 3958 ,

2591 4059 2970 4141 Augustus.

2020 4259 2029 4266 ο
2152 4175 2717 4260 Augusti‘nomen
2765 4177 2846 4240 ad
2875 4177 3214 4241 Tiberium
3256 4177 3526 4242 heredi-

2024 4278 2193 4343 tario
2224 4279 2370 4361 jure
2402 4279 2748 4362 pertinuit,
2794 4278 2959 4342 illud
2996 4293 3211 4344 tamen
3247 4300 3379 4345 non
3412 4302 3520 4366 ap·

2313 4695 2375 4762 c)
2411 4689 2600 4751 Tacit.
2630 4695 2783 4755 Anu.
2807 4695 2856 4756 Ι.
2890 4709 2958 4759 12
2979 4738 2996 4766 ‚
3033 4709 3094 4755 et
3120 4698 3273 4755 Anu.
3305 4681 3416 4760 111.
3441 4710 3524 4773 19.

2767 4881 2774 4888 .
2829 4790 2898 4866 g)
2919 4807 3057 4867 pag.
3080 4801 3207 4890 tol.
3245 4802 3291 4851 ι.

1808 5236 2214 5316 §amone-4

1844 5355 2190 5407 OXFORD

1830 5449 2207 5526 ΜυεττυῦΛ
