4509 5584
966 582 1115 656 UA

971 737 1171 806 Numi
1214 738 1269 805 1.
1306 744 1377 798 et
1413 732 1501 796 11.
1541 740 1703 814 typo
1741 728 2097 815 Sphingis,
2139 742 2209 795 et
2255 728 2464 816 capri·

967 844 1157 908 corni
1229 837 1598 921 Augustum
1679 831 1979 918 proxime
2054 831 2461 918 contingunt·

952 945 1231 1019 ‚Lectus
1289 936 1494 1022 igitur
1562 946 1663 997 est
1723 933 1802 997 ab
1860 932 2129 997 urbibus
2190 934 2463 999 Graecis

950 1042 1054 1113 ,ad
1101 1038 1480 1127 captandam
1528 1034 1843 1121 principis
1898 1034 2462 1115 benevolentiam,

970 1166 1162 1235 quam
1218 1142 1303 1206 ob
1358 1159 1617 1204 causam
1667 1136 1748 1201 ab
1805 1137 1947 1219 eius
1985 1158 2247 1223 quoque
2300 1152 2471 1202 aet·-

954 1249 1058 1313 tis
1094 1243 1452 1320 Thraciae,
1496 1241 2005 1323 Commagenes,
2054 1253 2123 1302 et
2157 1240 2466 1333 Parthiae

954 1347 1245 1434 ‚regibus
1355 1342 1777 1427 capricornus
1862 1353 2164 1409 monetae
2250 1341 2472 1404 illatus

973 1463 1099 1516 est.
1184 1446 1442 1511 Eodem
1500 1443 1631 1506 fine
1677 1442 1956 1526 Augusti
1998 1442 2339 1525 praeclara
2378 1443 2473 1506 fa-

971 1565 1113 1631 eta,
1173 1568 1339 1634 quae
1401 1546 1475 1608 in
1524 1543 1800 1629 reliquis
1842 1542 2056 1606 numis
2096 1564 2476 1630 proponun-

948 1670 1117 1732 tur,
1163 1650 1365 1716 urbes
1409 1647 1704 1723 Graecae
1742 1645 2085 1728 signavere
2107 1690 2125 1724 ‚
2179 1665 2255 1710 ae
2286 1668 2475 1731 prae.

972 1756 1167 1841 cipue
1211 1750 1658 1834 famigeratam
1704 1745 1883 1809 illam
1938 1745 2275 1828 signorum
2319 1748 2476 1811 Par-

953 1857 1301 1921 thinorum
1333 1848 1818 1915 restitutionem
1845 1890 1863 1921 ‚
1894 1848 2071 1932 quod
2109 1850 2316 1912 nolim
2348 1871 2473 1933 per

974 1957 1424 2042 conjecturam
1502 1962 1755 2013 tantum
1835 1949 2170 2012 adsertam
2245 1948 2469 2029 credi,

976 2082 1130 2124 nam
1184 2076 1387 2141 supra.
1432 2051 1610 2115 inter
1649 2071 1883 2115 numos
1926 2051 2217 2115 Graecos
2261 2050 2476 2116 incer·

977 2175 1195 2227 tarum
1248 2155 1509 2219 urbium
1563 2153 1855 2238 pag..131
1903 2174 2173 2217 numum
2238 2153 2472 2218 similis

938 2286 943 2297 ⁶
979 2259 1348 2346 argumenti
1376 2255 1646 2342 protuli.

1114 2365 1263 2425 Iure
1288 2379 1455 2442 ergo
1489 2358 1655 2420 hanc
1685 2355 1845 2419 mihi
1878 2354 2109 2422 videor
2130 2377 2328 2442 posse
2351 2369 2477 2420 sta·

894 2489 929 2503 “
982 2466 1178 2529 bilire
1225 2463 1476 2546 legem,
1519 2473 1873 2543 argenteos
1916 2459 2188 2529 maximi
2224 2457 2477 2522 moduli

986 2570 1057 2630 in
1099 2564 1263 2627 urbe
1311 2561 1597 2646 signatos
1638 2581 1772 2625 non
1817 2580 1996 2638 esse,
2055 2572 2331 2643 argento
2375 2579 2479 2623 so·

984 2669 1069 2732 lis
1113 2664 1433 2742 denariis,
1494 2677 1563 2726 et
1604 2661 1915 2748 quinariis
1976 2674 2330 2741 contento,
2382 2661 2477 2726 sic

966 2783 1061 2833 ‚ut
1103 2769 1158 2833 si
1203 2766 1312 2853 qui
1370 2765 1610 2848 justum
1664 2763 1917 2827 denarii
1970 2763 2224 2848 pondus
2288 2783 2481 2827 exce-

987 2871 1185 2946 dunt,
1246 2887 1379 2929 non
1442 2887 1713 2943 verear,
1787 2867 1856 2928 in
1915 2866 2270 2951 peregrina
2325 2865 2480 2929 illos

988 2961 1257 3037 moneta
1313 2981 1582 3054 putare,
1638 2981 1832 3053 atque
1890 2968 2064 3032 istud
2106 2986 2241 3031 non
2282 2966 2482 3031 modo

989 3074 1408 3140 observatum
1461 3069 1807 3154 superiore
1864 3069 2337 3155 imperatorum
2379 3091 2487 3135 ae-

966 3198 1076 3241 .vo
1145 3179 1325 3258 (nam
1387 3192 1550 3236 aevo
1614 3171 1936 3236 inferiore
1998 3174 2124 3238 alia
2178 3186 2483 3236 monetae

968 3280 1324 3342 ,Romanae
1367 3275 1536 3340 ratio
1579 3273 1813 3356 valuit)
1870 3270 1991 3336 sed
2036 3275 2231 3338 etiam
2275 3287 2485 3338 stante

987 3377 1374 3464 republica,
1428 3388 1502 3438 ut
1544 3374 1768 3437 monui
1809 3372 1878 3435 iu
1921 3387 2201 3439 tractatu
2244 3374 2328 3438 de
2371 3396 2490 3436 nu·-

991 3481 1118 3545 mis
1184 3476 1637 3543 consularibus
1695 3476 1908 3559 capite
1962 3475 2079 3542 VI.
2176 3478 2267 3539 Et
2331 3496 2495 3547 vero

995 3572 1553 3677 tetradr'pcbmum
1642 3597 1910 3661 semper
1979 3590 2121 3640 tum
2198 3589 2496 3641 exteram

995 3695 1325 3746 monetam
1361 3679 1565 3743 fuisse
1601 3677 1913 3755 habitum,
1946 3675 2147 3743 docet
2178 3680 2495 3747 Volusius

922 3819 929 3823 ·
974 3786 1375 3849 Maecianus
1394 3801 1422 3843 ι
1453 3782 1881 3844 Victuriacus
1906 3802 2084 3843 nunc
2103 3783 2493 3845 tantundem

975 3886 1182 3951 ‚valet
1203 3926 1227 3961 ,
1274 3895 1599 3964 quantum
1642 3884 1997 3962 quitzan’us
2030 3882 2232 3960 olim,
2283 3894 2353 3946 et
2385 3901 2501 3967 pe·

978 3988 1312 4069 segn‘nus
1365 4004 1609 4047 numus
1662 3984 1818 4047 loco
1862 3983 2136 4062 mercis,
2194 3996 2275 4046 ut
2322 4003 2500 4045 nuno

1012 4084 1924 4154 TETRADRAGHMVM
1990 4096 2062 4151 et
2127 4085 2500 4151 DRACH-

1005 4190 1176 4255 MA
1186 4235 1210 4267 ,
1247 4188 1640 4253 habebatur.

1741 4268 1781 4307 O

1530 4316 1572 4354 ὑ
1945 4316 1987 4354 ὑ

1130 4390 1342 4459 Numi
1381 4391 1592 4452 aenei.
1676 4389 1781 4451 De
1831 4400 2097 4453 moneta
2136 4409 2341 4454 aenea
2382 4388 2500 4454 hu-

984 4493 1106 4575 jus
1140 4491 1365 4556 aetatis
1403 4490 1567 4554 haec
1600 4510 1685 4553 ex
1728 4490 1939 4552 nnmis
1975 4490 2135 4575 ipsis
2173 4493 2498 4575 comperi-

1006 4615 1177 4661 mus.
1259 4595 1629 4677 Imperante
1672 4594 1727 4658 1.
1769 4591 2047 4657 Caesare
2107 4614 2259 4657 cum
2302 4593 2494 4677 hujus

978 4762 992 4890 A·
1081 4799 1145 4869 a)
1182 4796 1382 4857 v01.1.
1419 4794 1651 4873 Proleg.
1681 4815 1814 4876 gen.
1843 4815 1975 4875 cap.
1991 4797 2149 4859 xm.

2198 557 2879 637 AVGVSTVS.

2578 730 2840 817 capite,
2877 743 2990 797 aut
3037 730 3399 817 epigraphe
3449 747 3713 799 moneta
3758 732 3965 803 aenea
3993 735 4065 797 in

2576 832 2744 899 urbe
2803 834 3053 919 signata
3105 854 3239 897 non
3297 848 3399 899 est
3416 836 3454 913 ,‘
3495 848 3568 898 ut
3607 834 3676 898 in
3719 835 3911 922 hujus
3950 858 4075 901 nu·
4191 894 4206 903 .

2579 935 2703 999 mis
2762 934 3068 1002 diximus.
3150 935 3494 1001 Habemus·
3541 937 3783 1002 deinde
3834 958 4070 1015 numos

2581 1056 2731 1100 cum
2791 1038 3038 1124 capite,
3115 1052 3186 1101 et
3246 1038 3671 1123 inscriptione
3734 1039 4077 1107 Octaviani

2583 1137 2872 1202 nondum
2916 1138 3233 1221 Augusti,
3295 1159 3459 1224 quos
3519 1140 3840 1227 descripsi
3880 1163 4081 1228 supra

2582 1259 2742 1325 pag.‘
2776 1241 2904 1318 80,
2957 1261 3189 1305 verum
3233 1238 3315 1304 de
3361 1241 3463 1303 bis
3507 1239 3805 1306 dubitare
3847 1245 4082 1325 liceat,

2585 1341 2799 1407 sintne
2825 1361 3061 1405 revera
3093 1342 3430 1405 commatis
3460 1343 3771 1423 Romani,
3815 1360 3891 1410 ut
3921 1367 4080 1412 mox

2585 1441 2758 1505 infra
2800 1441 3162 1526 disputabo.
3245 1442 3526 1511 Videtur
3581 1465 3747 1531 ergo
3789 1469 3932 1513 mos
3974 1468 4087 1514 ae·

2585 1564 2777 1608 neam
2818 1557 3154 1626 monetam
3199 1540 3630 1629 imperatoris
3672 1550 3883 1632 capite
3928 1549 4088 1614 insi·

2587 1642 2859 1729 gniendi
2914 1644 3199 1729 primum
3239 1647 3360 1712 sub
3419 1646 3777 1715 Octaviano
3819 1650 4086 1717 tandem

2593 1745 2884 1830 Augusto
2946 1746 3283 1831 invectus3
3343 1771 3492 1813 nam
3547 1769 3694 1814 cum
3737 1751 3931 1837 hujus
3976 1771 4087 1818 ca-

2585 1845 2721 1929 pite
2744 1890 2762 1925 ,
2801 1848 2908 1912 rel
2942 1851 3173 1914 saltem
3209 1852 3569 1936 epigraphe
3615 1853 3918 1937 copiosos
3970 1854 4084 1919 ba·

2585 1947 2819 2013 bemus
2863 1969 3105 2015 aeneos
3165 1955 3214 2016 1.
3251 1966 3319 2016 et
3353 1956 3433 2018 11.
3461 1954 3752 2033 formae,
3809 1975 3894 2018 ex
3943 1956 4079 2040 qui·

2585 2048 2708 2112 bus
2741 2049 2823 2129 ii,
2875 2053 2988 2136 qui
3023 2067 3207 2116 certe
3240 2053 3309 2116 in
3347 2054 3511 2120 urbe
3549 2058 3691 2120 cusi
3725 2070 3912 2132 sunt,
3964 2076 4083 2120 no-

2589 2164 2718 2215 tam
2781 2152 2850 2217 S.
2880 2153 2958 2216 C.
3003 2174 3138 2217 non
3176 2156 3499 2222 omittunt.
3584 2160 3748 2221 Nam
3791 2169 3963 2237 tum,
4007 2171 4085 2223 ut

2587 2252 2769 2315 numi
2812 2268 3038 2338 aperte
3091 2256 3494 2341 loquuntur,
3543 2270 3933 2327 transactum
3979 2273 4086 2325 est

2588 2354 2764 2419 inter
2805 2355 3208 2439 Augustum,
3255 2371 3324 2421 et
3364 2373 3700 2434 senatum,
3742 2374 3817 2423 ut
3855 2361 3957 2443 jus
3986 2359 4088 2427 fe·

2587 2455 2807 2521 riundi
2847 2458 2994 2520 auri
3036 2471 3104 2522 et
3145 2459 3402 2542 argenti
3445 2480 3653 2544 penes
3694 2462 4084 2547 principem,

2593 2562 2670 2622 et
2690 2558 2861 2623 aeris
2893 2580 3100 2643 penes
3129 2574 3422 2625 senatum
3455 2576 3672 2639 esset,
3723 2562 3898 2647 quod
3931 2584 4091 2628 con-

2593 2673 2817 2724 stante·
2854 2660 3016 2746 'lege
3068 2683 3274 2748 usque
3335 2663 3420 2728 ad
3478 2663 3849 2729 Gallienum
3908 2664 4095 2728 deiu-

2594 2782 2753 2846 ceps
2797 2775 2898 2824 est
2937 2776 3307 2843 retentum,
3367 2763 3450 2828 de
3478 2786 3607 2851 quo
3642 2766 3934 2830 instituto
3974 2767 4093 2833 ali-

2595 2862 2668 2926 bi
2700 2861 2955 2947 egimus
2997 2867 3076 2948 2).
3120 2864 3510 2962 Quicunque
3547 2888 3712 2951 ergo
3746 2868 3938 2937 aenei
3971 2889 4093 2934 no·

2585 2977 2731 3041 ,tam
2775 2966 2854 3030 Ss
2879 2966 2952 3031 C.
2996 2966 3149 3033 inde
3209 2968 3291 3032 ab
3350 2970 3479 3034 hoc
3535 2984 3839 3055 tempore
3902 2970 4094 3037 omit—

2599 3079 2782 3145 tunt,
2833 3089 3062 3135 omnes
3103 3070 3241 3149 illi,
3307 3070 3590 3156 demptis
3648 3066 4094 3156 paucissimis,

2602 3168 2905 3233 officinae
2960 3184 3226 3237 exterae
3293 3188 3525 3258 partus
3579 3189 3728 3238 sunt
3785 3173 4097 3241 habendi.

2602 3273 2695 3334 Et
2737 3292 2892 3336 sane
2922 3274 3168 3338 oculus
3211 3273 3564 3339 tractandis
3621 3277 3835 3341 numis
3878 3275 4102 3341 erudi·

2602 3385 2708 3435 tus
2776 3373 3236 3458 deprehendet
3299 3377 3371 3461 in
3425 3376 3699 3462 singulis
3756 3377 4003 3464 aliquid
4059 3400 4100 3442 a

2612 3488 2916 3539 monetae
2970 3478 3053 3545 R.
3098 3478 3382 3556 fabrica,
3424 3480 3797 3559 volumine,
3851 3480 4107 3544 metalli

2609 3576 2721 3640 vel
2773 3578 3002 3641 colore
3025 3622 3044 3654 ,
3096 3582 3210 3644 vel
3253 3581 3581 3661 crassitie,
3624 3583 3834 3668 typis,
3876 3581 4110 3647 inscri-

2608 3678 2850 3762 ptionis
2892 3677 3092 3743 modo
3134 3679 3472 3746 abludens.
3562 3684 3858 3750 Primum
3899 3685 4107 3771 igitur

2610 3779 2679 3842 in
2710 3779 3023 3863 judicium
3057 3780 3340 3848 veniant.

2667 3949 2678 3957 ,
2745 3882 2971 3946 Aenos·
3010 3887 3300 3949 memmi
3338 3886 3615 3953 moduli.
3699 3888 3844 3952 Hac
3861 3900 4107 3953 *aetate

2611 3983 2792 4047 numi
2863 3983 3056 4069 hujus
3125 3985 3419 4068 formae,
3495 3985 3694 4052 etiam
3770 3990 4112 4054 commatis

2611 4085 2989 4171 peregrini,
3048 4089 3307 4172 perrari
3365 4102 3538 4157 sunt.
3638 4089 3945 4186 Quinque
4005 4113 4111 4158 so·

2612 4189 2749 4252 lum
2813 4188 2954 4272 ejus
3013 4190 3278 4274 generis
3339 4188 3622 4277 demptis
3665 4194 4109 4261 Contorniatis

2610 4290 2866 4375 reperit
2953 4291 3339 4372 Morellius,
3414 4313 3664 4380 eosque
3741 4294 4108 4363 delineatos

2612 4391 2775 4456 stitit
2831 4391 3046 4457 tabula
3099 4393 3330 4462 xxm.
3423 4397 3528 4459 Ex
3584 4396 3685 4460 his
3742 4399 4107 4479 secundus,

2610 4493 2678 4555 in
2718 4514 2848 4578 quo
2886 4484 2953 4560 S.
2992 4495 3069 4561 C.
3113 4496 3284 4560 intra
3326 4518 3688 4584 quer-nam,
3732 4514 3836 4563 est
3879 4501 4109 4566 Antio·

2609 4595 2795 4659 chiae
2859 4595 3121 4680 Syriae,
3197 4599 3308 4662 vel
3367 4599 3568 4666 vicini
3625 4615 3905 4682 tractus,
3971 4619 4109 4670 ter·
