4509 5584
1709 574 2176 651 SABINA.

379 743 557 808 lecto
605 741 932 827 Spartiani
967 743 1119 806 loco
1157 745 1525 827 arguentis,
1573 742 1875 810 Sabinam

374 844 509 928 jam
575 858 896 911 mortuam
967 857 1118 908 ante
1185 845 1605 930 adoptionem
1665 847 1875 923 Aelii,

378 966 577 1032 quem
604 961 823 1013 tamen
852 944 1280 1030 adoptatum
1256 969 1387 1032 jam
1420 960 1673 1014 constat
1709 969 1879 1013 anno

378 1050 463 1119 V.
502 1048 574 1111 C.
625 1049 789 1128 888,
851 1062 964 1122 aut
1019 1048 1252 1116 saltem
1313 1049 1605 1118 nondum
1655 1049 1879 1115 adulto

380 1171 551 1216 „mo
593 1150 742 1232 naq.

904 1363 941 1401 O
1112 1317 1152 1356 4·
1317 1365 1357 1404 ὓ

3350 594 3491 662 523

1991 744 2283 810 additum
2328 742 2529 809 decus
2578 742 2727 805 dum
2779 743 3038 827 utrique
3077 747 3490 826 gratulantur

1992 850 2393 923 Tarsenses,
2456 842 2624 909 illud
2681 843 2998 929 peculiari
3058 847 3328 928 quadam
3391 871 3492 910 ra-

1991 950 2210 1024 tione,
2265 960 2334 1010 et
2365 948 2433 1011 in
2468 949 3007 1023 ostentationem,
3063 968 3192 1032 quo
3234 949 3300 1011 in
3340 969 3494 1014 ocu·

1995 1051 2097 1114 los
2148 1050 2339 1116 eitius
2381 1050 2789 1126 incurreret,
2838 1047 3208 1115 numismati
3261 1054 3497 1136 argen-

1987 1163 2099 1215 teo
2149 1152 2467 1216 maximae
2501 1152 2755 1215 formae
2787 1150 3215 1235 insculpsere.
3278 1152 3492 1236 Novi

1984 1255 2418 1339 Pellerinium
2445 1254 2671 1319 literas
2696 1243 2827 1313 ΑΤ
2860 1249 3091 1335 legere
3129 1249 3499 1334 ΑΤτονομκ,

1983 1331 2156 1418 haud
2190 1355 2388 1419 dubie
2425 1341 2801 1439 propterea,
2837 1354 3137 1436 quoniam
3181 1374 3328 1417 oum
3365 1355 3496 1437 jam

506 1456 837 1541 Egregius
882 1454 1079 1518 etiam
1132 1468 1239 1521 est
1293 1477 1608 1550 sequens,
1680 1480 1874 1542 quem
1983 1457 2337 1541 praecedat
2410 1455 2794 1522 vocabulum
2857 1452 3027 1517 CCB
3039 1452 3324 1530 ACTH,
3393 1477 3493 1519 se

383 1580 467 1624 ex
511 1557 874 1623 Pellerinio
934 1568 1144 1620 totum
1189 1558 1570 1627 describere
1635 1580 1879 1646 operae

386 1662 693 1746 pretium.

1996 1579 2202 1645 quens
2249 1554 2550 1646 ΑΤιγκςη
2595 1549 2908 1642 ejusdem
2929 1578 3092 1621 «eum
3139 1557 3365 1642 priore
3409 1556 3494 1618 si-

1995 1660 2430 1744 gnificationis
2485 1660 2827 1724 manifesta
2886 1671 3061 1724 esset
3115 1658 3487 1743 tautologia.

664 1756 1091 1825 ATT.KA1.
1112 1756 1252 1824 ΘΕ.
1274 1760 1484 1827 ΤΡΑ.
1518 1756 1879 1829 ΠΑΡ.ΤῙ.
1992 1764 2083 1824 At
2114 1783 2278 1827 vero
2312 1762 2596 1847 primum
2630 1762 2772 1846 ipse
2801 1761 3040 1824 fatetur
3070 1760 3499 1837 Pellerinius,

668 1859 810 1925 ΘΕ.
853 1859 1063 1926 NeP.
1111 1859 1231 1938 ΤῙ.
1280 1860 1526 1929 ΤΡΑῙ.
1571 1860 1884 1926 ΑΔΡῙΑ-

664 1959 892 2026 NON.
943 1965 1155 2045 Caput
1178 1964 1516 2027 Hadriam⁸
1540 1966 1883 2028 radiatum

667 2070 854 2130 s‘ntra
880 2065 1121 2127 literas
1141 2067 1435 2146 grandes
1463 2059 1557 2125 Π.
1595 2059 1692 2128 n.

384 2163 822 2234 CAECINA.
842 2151 1307 2232 ‘ceBAcTst
1345 2163 1583 2231 ΑΔΡῙ.
1613 2162 1883 2230 TAPC.

383 2262 1136 2334 MHTPOIIOAGOC.
1201 2271 1417 2349 Caput
1453 2267 1742 2330 Sabinae
1785 2269 1887 2328 Iu-

385 2390 512 2432 nae
550 2371 935 2452 impositum
995 2371 1179 2432 intra
1218 2370 1457 2432 literas
1492 2370 1887 2449 grandiores

384 2465 537 2532 ΑΤ.
601 2470 740 2532 AR.
800 2488 966 2533 max.
1016 2467 1192 2534 mod.
1277 2466 1579 2551 (Pelerin
1626 2470 1786 2534 Mel.
1834 2470 1882 2534 1.

436 2593 471 2635 a
522 2616 539 2632 .
575 2591 599 2631 ι
699 2617 716 2634 .

389 2592 435 2655 P
476 2572 912 2756 8Ριτῗόχζιιῖιιίῑιιι·
962 2671 1031 2734 ίιι
1083 2672 1211 2737 boc
1260 2691 1462 2734 numo
1520 2669 1885 2735 Hadrianus

322 2771 341 2781 ’
384 2772 638 2862 cinctus
702 2793 947 2838 corona
1003 2773 1245 2838 radiata
1304 2773 1506 2837 instar
1545 2772 1718 2836 Solis
1740 2813 1759 2847 ,
1820 2785 1888 2836 et

390 2874 630 2939 Sabina
669 2874 873 2940 instar
913 2875 1141 2938 Lunae
1166 2919 1183 2952 ,
1243 2892 1408 2960 quae
1451 2873 1520 2936 in
1562 2874 1905 2957 Augusto-0

387 2997 537 3039 rum
606 2977 753 3062 pari
825 2976 1128 3041 attributa
1204 2988 1473 3061 praeter
1559 2988 1887 3040 monetam

383 3080 745 3143 Romanam
786 3079 941 3143 inde
998 3101 1034 3141 a
1080 3080 1335 3143 Severo
1387 3096 1520 3140 non
1563 3078 1752 3161 pauci
1798 3078 1895 3142 of-

384 3179 617 3243 ferunt
647 3181 829 3244 numi
865 3194 1051 3245 extra
1082 3179 1313 3243 urbem
1346 3178 1618 3262 signati,
1645 3192 1713 3240 et
1745 3200 1892 3264 spe·

391 3283 608 3358 ciatim
667 3283 850 3346 numi
907 3277 1204 3346 coloniae
1259 3280 1554 3345 incertae
1595 3301 1742 3344 cum
1789 3302 1892 3346 ca·

388 3373 628 3470 p'itibus
668 3384 986 3461 Neronis,
1037 3397 1107 3447 et
1148 3382 1483 3450 Octaviae.
1546 3382 1681 3447 Sed
1724 3384 1890 3447 haec
1987 3417 1991 3428 ·

390 3486 654 3552 aliunde
712 3488 864 3551 satis
923 3485 1203 3571 cognita.
1273 3485 1522 3555 Verum
1585 3484 1759 3550 istud
1817 3485 1889 3548 in

389 3590 521 3653 hoc
565 3610 764 3653 numo
794 3588 1164 3675 peculiare,
1208 3586 1385 3673 quod
1434 3588 1503 3649 in
1548 3608 1700 3651 area
1750 3608 1897 3672 par-

393 3694 478 3756 tis
511 3692 762 3757 anticae
796 3691 1056 3810 legatur
1087 3683 1182 3756 Π.
1216 3683 1310 3754 11.
1342 3688 1414 3752 id
1444 3702 1578 3754 est·
1636 3685 1898 3769 Πατερα

390 3770 820 3876 Πατςιδος,
798 3816 868 3856 ιιι
913 3815 1066 3861 area
1111 3811 1379 3858 aversae
1426 3787 1577 3857 ΑΤ.
1642 3791 1712 3855 id
1759 3805 1899 3856 est.

1992 1884 2325 1949 nunqnam
2381 1853 2540 1928 alias
2590 1866 2951 1928 Tarsenses
3007 1862 3237 1928 solitos
3296 1863 3498 1924 ,Αυτο-

1995 1985 2140 2049 »opta
2178 1965 2442 2028 titulum
2494 1964 2707 2026 numia
2760 1964 3166 2029 inscriberet
3258 1963 3500 2028 deinde

1995 2082 2275 2152 propter
2311 2067 2477 2132 banc
2521 2067 2726 2151 ipsam
2769 2066 3127 2145 rationem,
3170 2079 3243 2131 ut
3284 2067 3500 2129 minus

1997 2189 2320 2252 apparens
2361 2182 2536 2234 esset
2558 2167 3122 2253 tautologia,‚pro
3159 2168 3284 2251 jam
3324 2167 3502 2232 dicto

1998 2268 2428 2338 CSBACTH
2473 2261 2950 2334 substituerunt
2994 2265 3317 2359 ΑΤιγυς-η.
3377 2271 3501 2331 Μί-

1998 2392 2121 2434 nus
2208 2370 2596 2436 offendisset
2661 2370 3096 2434 Pellerinium
3136 2386 3500 2457 ‘apparens

1999 2472 2164 2538 haec
2211 2473 2605 2557 tautologia,
2686 2471 2743 2534 si
2789 2473 3163 2537 reflexisset
3211 2473 3499 2535 animum

2000 2573 2081 2637 ad
2121 2596 2389 2637 numum
2438 2576 2732 2658 ejusdem
2779 2574 3054 2639 Sabinae
3098 2574 3177 2638 ab
3219 2574 3498 2656 Haymio

2002 2675 2251 2737 editum
2293 2677 2393 2758 ⁸),
2449 2677 2518 2738 in
2579 2696 2709 2761 quo
2767 2677 2992 2759 legasz
3066 2669 3501 2740 CAECINA.

2003 2772 2450 2844 CCBACTH.
2489 2771 2699 2842 ΑΤΓ.

2014 3180 2462 3246 Coloniarum.

2129 3353 2464 3449 nact'emn
2510 3382 2573 3446 ei
2619 3394 2866 3447 tantum
2910 3403 2946 3445 a
2989 3380 3344 3446 Corinthiis
3392 3379 3503 3444 ae-

2003 3483 2277 3551 dicatam
2315 3499 2639 3553 monetam
2674 3498 2949 3552 constat.

2533 3719 2572 3756 .
2744 3672 2783 3709 ο
2948 3712 2987 3752 0

398 3892 740 3984 ATeyafn,
783 3909 851 3962 et
884 3896 1149 3983 quidem
1186 3908 1534 3980 utrumqne
1568 3907 1904 3958 exaratum
2018 3893 2513 3956 Alexandr-iai.

398 3999 781 4065 eharactere
842 3996 1193 4084 grandiore
1217 4041 1236 4073 ,
1294 3994 1493 4081 quod
1550 4014 1701 4058 sane
1766 4015 1899 4058 non

400 4101 540 4166 sine
600 4114 807 4186 certa„
835 4100 1090 4165 ratione
1146 4098 1407 4164 factum.
1478 4096 1684 4160 Plane
1727 4097 1899 4161 veri·

396 4203 784 4280 simileest,
827 4202 1093 4268 numum
1131 4202 1304 4266 bunc
1341 4199 1543 4263 fuisse
1573 4197 1894 4280 signatum

392 4306 591 4392 V.„C.
642 4307 808 4381 88ι,
876 4326 1007 4393 quo
1054 4325 1224 4370 anno
1278 4302 1591 4376 diximus,
1648 4312 1719 4360 et
1767 4301 1896 4362 Ha-

397 4406 695 4476 drianum
731 4413 953 4486 patris
979 4412 1277 4490 patriae,
1321 4419 1389 4469 et
1418 4403 1721 4468 Sabinam
1752 4402 1902 4464 Au-

2140 4093 2396 4155 Horum
2458 4091 2757 4155 nonnulli
2821 4090 3087 4174 proditi.
3179 4091 3505 4178 Insignior

2013 4193 2107 4271 is,
2189 4195 2302 4280 qui
2362 4212 2599 4257 annum
2659 4191 2810 4258 ΚΑ.
2877 4193 3262 4277 inscriptum
3325 4194 3507 4258 exhi·

2012 4293 2129 4361 bet
2155 4293 2259 4379 ¹³),
2305 4294 2481 4359 unde
2512 4294 2841 4378 arguitur,
2882 4307 2956 4355 ut
2991 4293 3276 4374 dictum,
3327 4295 3508 4358 Sabi·
3568 4341 3574 4350 .

2012 4419 2165 4463 nam
2213 4396 2425 4462 adbuc
2469 4409 2753 4462 exeunte
2801 4397 3101 4479 Augusto
3148 4397 3232 4462 V.
3273 4396 3349 4460 C.
3383 4396 3508 4478 889

390 4525 634 4592 gastae
702 4510 928 4572 titulos
974 4507 1354 4584 abstulisse,
1430 4503 1608 4590 quod
1657 4522 1899 4570 novum
2014 4501 2084 4562 in
2112 4499 2283 4600 yivis
2331 4498 2552 4563 fuisse.

472 4815 533 4881 a]
574 4824 743 4880 Τοιιι.
762 4823 836 4885 11.
865 4820 985 4881 tab.
1006 4833 1092 4887 33.
1121 4839 1160 4878 n
1198 4832 1252 4894 9.
1402 4820 1472 4893 b)
1513 4815 1828 4897 Theupoli.

2820 4893 3132 4974 Vnum
