4509 5584
1162 555 1313 646 596*

1151 722 1279 804 jam
1312 738 1482 783 anno
1518 717 1646 782 835
1682 735 2028 780 censorem
2064 716 2432 802 appellent,
2485 737 2642 779 non-

1152 821 1315 883 nihil
1358 820 1501 903 ipse
1545 818 2006 895 conturbatur,
2051 819 2355 902 quoniam
2402 819 2495 882 sic
2537 840 2645 881 au-

1151 921 1470 1004 ticipanda
1525 934 1701 985 esset
1754 921 2126 1006 expeditio,
2186 934 2258 983 ut
2313 918 2438 982 sibi
2491 939 2642 981 cum

1148 1024 1362 1086 Dione
1419 1024 1787 1086 conveniat.
1872 1024 1959 1085 At
2013 1022 2188 1086 enim
2241 1022 2456 1087 virum
2514 1042 2642 1105 ego

1147 1124 1474 1188 eruditum
1518 1145 1595 1187 ea
1641 1144 1796 1187 cura
1856 1125 2173 1187 liberum*
2202 1143 2350 1186 esse
2406 1122 2647 1208 jubeo;

1148 1248 1296 1289 nam
1344 1226 1413 1287 iu
1467 1225 1679 1288 numis
1732 1238 1953 1289 certae
2004 1225 2198 1303 fidei,
2271 1226 2483 1310 iisque
2538 1224 2651 1287 be-

1145 1347 1230 1390 ne
1298 1327 1687 1409 exploratis,
1762 1327 1987 1410 quales
2047 1340 2229 1391 certe
2300 1347 2435 1389 nou
2502 1337 2652 1389 sunt

1148 1427 1666 1492 Mediobarbiani
1694 1474 1713 1505 ,
1755 1449 1888 1491 non
1933 1428 2175 1492 dicitur
2209 1448 2480 1504 censor,
2524 1426 2651 1488 nisi

1147 1551 1317 1599 anno
1358 1529 1635 1605 demum=
1666 1531 1752 1598 V.
1796 1532 1872 1596 C.
1916 1529 2078 1613 837,
2134 1529 2292 1614 quin
2336 1529 2648 1593 hactenus

1149 1633 1377 1696 unicus
1434 1647 1681 1696 tantum
1741 1630 1904 1693 mihi
1957 1631 2261 1714 cognitus
2314 1643 2415 1693 est
2457 1629 2649 1713 hujus

1149 1735 1300 1798 anni
1357 1755 1591 1797 numus
1649 1734 1779 1797 hoc
1836 1733 2027 1795 titulo
2080 1732 2390 1815 insignis,
2455 1736 2658 1816 quem*

1149 1826 1347 1920 snpra⁸
1403 1836 1482 1897 ad
1544 1836 1716 1898 hunc
1768 1854 2007 1898 annum
2075 1833 2385 1911 exhibui,
2452 1831 2649 1896 obvio

1149 1936 1463 2020 deinceps
1502 1935 1567 1995 in
1605 1936 2023 2022 sequentium
2065 1955 2383 2005 annorum
2425 1954 2652 1998 mone-

1150 2052 1235 2103 ta.
1327 2039 1431 2099 Ex
1490 2057 1620 2121 quo
1680 2038 1827 2121 jure
1884 2037 2293 2122 colligimus,
2365 2050 2648 2100 exeunte

1151 2158 1320 2202 anno
1351 2139 1435 2206 V.
1477 2139 1552 2204 C.
1591 2139 1754 2221 837,
1808 2158 2025 2223 neque
2075 2151 2301 2216 antea,
2354 2139 2530 2202 hunc
2573 2139 2652 2200 ti-

1152 2241 1362 2305 tulum
1422 2238 2058 2303 Domitiano‘fuisse
2120 2240 2431 2304 delatum.
2515 2239 2649 2302 Ad·
2688 2238 2704 2255 “

1150 2340 1543 2408 vertendum
1592 2340 2094 2426 praeterea,-in
2139 2341 2401 2404 laudato
2447 2362 2646 2404 numo

1152 2444 1303 2508 anni
1333 2446 1412 2512 V.
1441 2445 1514 2511 C.
1537 2444 1660 2526 837
1689 2443 1904 2506 notari
1935 2456 2179 2505 tantum
2206 2444 2646 2507 CENSoriam

1149 2545 1642 2621 POTestatem,
1683 2545 1847 2609 at‘in
1882 2545 2093 2608 numis
2128 2543 2279 2608 anni
2312 2544 2644 2629 sequentis

1151 2647 1234 2712 V.
1283 2647 1356 2710 C.
1401 2645 1527 2708 838
1574 2646 1703 2730 jam
1752 2646 1996 2711 GENS.
2050 2647 2292 2722 Po'r„
2348 2647 2458 2709 vel
2508 2646 2648 2730 ple·

1152 2745 1297 2810 nius
1365 2746 1829 2811 CENSORIA.
1891 2748 2390 2814 PO‘rES'rA'r.
2415 2793 2433 2825 ,
2518 2749 2647 2830 jam

1153 2848 1400 2915 GENS.
1474 2850 1672 2916 PER.
1769 2851 2004 2935 'Atque
2084 2848 2399 2933 deinceps
2473 2849 2649 2911 istud

1152 2951 1400 3016 GENS.
1436 2952 1670 3030 PER„
1714 2952 1822 3016 vel
1863 2952 2259 3037 compendio
2292 2950 2537 3015 GENS.
2571 2952 2647 3014 P.

1152 3073 1358 3138 usque
1400 3052 1480 3116 ad
1517 3054 1659 3137 ejus
1697 3068 1979 3118 mortem
2016 3066 2393 3117 constanter
2428 3051 2647 3117 valuit.

1151 3154 1346 3220 Vnde
1391 3156 1629 3239 conjici
1672 3176 1866 3239 posse
1909 3155 2210 3231 videtur,
2273 3153 2646 3217 Domitiano

1152 3276 1322 3318 anno
1342 3256 1423 3322 V.
1442 3258 1512 3320 C.
1531 3258 1657 3338 837
1676 3261 2045 3320 censoriam
2074 3269 2474 3338 potestatem
2501 3257 2651 3318 sim-

1151 3355 1414 3440 pliciter
1439 3357 1638 3421 fuisse
1669 3358 2021 3436 decretam,
2047 3373 2111 3423 at
2134 3375 2305 3445 anno
2330 3369 2647 3441 sequente

1151 3479 1496 3521 censuram
1521 3473 1920 3541 perpetuam.

1673 3640 2128 3706 Germanicus.

1236 3758 1614 3820 Germanici
1674 3759 1901 3822 titulus
1956 3761 2185 3825 obvius
2238 3776 2379 3837 est,
2452 3777 2643 3853 atque

1151 3859 1233 3923 ad
1278 3859 1567 3922 taedium
1611 3859 1679 3921 in
1727 3873 1997 3946 utraque
2053 3864 2289 3947 pagina
2344 3882 2645 3931 monetae

1150 3961 1504 4024 Domitiani
1548 3952 1888 4046 repetitus.
1946 3966 2034 4027 At
2084 3986 2213 4050 quo
2263 3989 2430 4031 anno
2474 3970 2645 4032 hunc

1136 4065 1276 4127 sibi
1334 4062 1719 4141 adsciverit,
1808 4065 2188 4150 disputatur.
2311 4069 2643 4149 Norisius,

1148 4188 1298 4231 cum
1357 4166 1656 4244 videret,
1720 4189 1990 4246 numos,
2050 4169 2455 4255 in·quorum
2517 4195 2643 4236 una

1151 4282 1336 4352 parte
1374 4272 1723 4355 scriptum:
1771 4273 1947 4335 IMP.
1984 4272 2352 4339 CAESAR.
2388 4275 2647 4338 DOMI-

1151 4371 1496 4436 '1⁸1an8.
1542 4373 1748 4438 AVG.
1794 4373 2068 4438 GERM.
2112 4375 2185 4436 P.
2234 4374 2363 4452 BL,
2427 4376 2493 4437 in
2556 4379 2645 4441 al-

1152 4485 1332 4534 terat
1391 4472 1533 4535 ΤΒ.
1578 4472 1653 4532 P.
1700 4474 1889 4537 COS.
1925 4477 2106 4552 vll„
2148 4496 2284 4538 non
2327 4477 2645 4575 dubitavit

1152 4572 1535 4651 adfirmare,
1604 4575 2049 4637 Domitianum
2108 4598 2264 4641 mox
2326 4578 2406 4641 ab
2466 4580 2642 4643 adito

1229 4766 1287 4835 a)
1321 4761 1545 4836 Epoch.
1577 4761 1804 4837 Syn-om.
1837 4762 1976 4821 diss.
2011 4762 2116 4823 111.
2136 4785 2198 4844 p.
2220 4770 2346 4841 269.

2307 545 3098 621 DomiTlANVS.

2759 714 3038 798 imperio
3089 722 3264 788 (nam
3316 730 3455 779 tum
3503 713 3734 779 consul
3776 716 3914 785 vu.
3959 722 4102 791 erat)
4145 718 4202 779 ti·

2761 820 2966 881 tulum
3011 815 3385 881 Germanici
3444 816 3833 900 sumpsisse,
3891 836 4202 881 memorem

2758 919 3066 981 nimirum
3108 916 3269 981 belli
3304 914 3714 994 Germanici,
3773 916 3858 980 ad
3901 913 4062 1002 quod
4093 917 4204 1000 ipsc

2760 1044 2932 1087 anno
2967 1021 3047 1090 V.
3092 1021 3163 1086 C.
3209 1021 3332 1084 823
3377 1019 3882 1104 peradolescens
3928 1039 4060 1082 cum
4096 1022 4210 1080 Mu·
4291 1096 4298 1105 .

2764 1123 2956 1209 cianq
2990 1142 3295 1206 egressus
3330 1136 3465 1198 est,
3509 1136 3708 1206 atque
3751 1121 3876 1184 etsi
3918 1120 4068 1193 illud
4101 1120 4211 1183 bel·

2767 1227 2900 1287 lum
2978 1224 3353 1288 confectum
3430 1224 3561 1309 jam
3640 1237 3818 1302 erat,
3921 1237 4211 1306 antequam

2764 1326 3181 1388 Germaniam
3239 1325 3627 1409 attingeret,
3695 1338 3912 1388 tamen
3955 1323 4065 1386 sibi
4101 1323 4210 1400 ejus

2766 1427 3053 1492 confecti
3112 1425 3313 1491 decus
3370 1448 3496 1511 per
3555 1427 3860 1491 stolidam
3917 1424 4212 1491 vanitatem

2766 1528 3142 1613 adrogasse.
3229 1528 3446 1612 Atque
3506 1529 3593 1592 ob
3653 1530 3820 1593 lianc
3890 1526 4078 1611 ipsam
4128 1528 4213 1588 ex·

2764 1630 3203 1715 peditionem,
3250 1630 3376 1707 ait,
3428 1630 3804 1694 Domitiano
3851 1629 4056 1694 adhuc
4092 1630 4216 1690 Cae·

2767 1733 2896 1796 sari
2931 1734 3324 1816 permissum
3362 1730 3565 1794 fuisse
3604 1733 3872 1796 laureae
3915 1728 4212 1816 gestandae

2764 1835 2868 1919 jus
2911 1837 2992 1916 ⁸).
3081 1837 3154 1896 In
3214 1832 3442 1896 eadem
3504 1834 3826 1898 sententia
3889 1833 4007 1901 fuit
4057 1830 4215 1894 etiam

2766 1935 3047 2027 Gorins,
3091 1949 3562 1999 commentatus
3608 1936 3674 1997 in
3721 1955 3986 1997 numum
4015 1930 4215 1994 Motel-

2767 2036 2842 2097 lii
2885 2036 3015 2100 tab.
3060 2038 3203 2104 XV.
3245 2058 3313 2103 n.
3355 2057 3426 2100 αι
3452 2083 3469 2114 ,
3514 2039 3580 2099 in
3627 2038 3813 2120 cujus
3859 2057 4076 2103 aversa
4111 2044 4217 2095 est:

2766 2137 3376 2208 GERMANICVS.'
3434 2138 3622 2206 COS.
3675 2141 3830 2208 Vll.
3877 2139 3943 2205 S.
3979 2138 4046 2203 C.
4111 2136 4217 2196 Do-

2764 2243 3092 2303 mitianus
3150 2246 3370 2323 capite
3430 2244 3738 2304 laureato
3796 2261 3996 2320 eques
4046 2242 4216 2299 citato

2761 2362 2982 2404 cursu.
3007 2341 3146 2402 ΑΕ.
3166 2344 3213 2404 1.
3254 2341 3466 2436 Quam
3496 2343 3662 2405 mire
3693 2339 4075 2419 variaverint
4100 2354 4215 2398 auc·

2760 2455 2945 2513 tores
2970 2443 3080 2506 alii
3107 2444 3173 2505 in
3188 2442 3466 2527 ‚figendo
3499 2444 3688 2526 hujus
3717 2443 3893 2506 tituli
3920 2438 4216 2525 principio,

2758 2542 2912 2609 vide
2943 2558 3128 2608 notas
3157 2546 3487 2611 variorum
3515 2546 3614 2618 ad,
3631 2546 3781 2607 Silii
3809 2543 4018 2609 Italici
4038 2544 4110 2607 1..
4131 2539 4216 2600 111.

2760 2667 2825 2713 v.
2861 2647 2987 2726 607
3023 2647 3179 2712 edit.
3214 2646 3751 2711 Drackenborch.

2847 2751 2922 2810 Iu
2986 2750 3149 2812 haec
3215 2750 3355 2816 avia
3424 2748 3765 2813 deflexere
3837 2746 3962 2813 viri
4022 2741 4221 2807 eruditi

2764 2849 3265 2913 Mediobarbum
3320 2851 3555 2915 ducem
3613 2850 3985 2914 inconsulte
4027 2845 4218 2910 secuti.

2763 2954 2913 3014 Non
2958 2974 3172 3036 nego,
3231 2953 3520 3017 existere
3562 2974 3832 3015 numum
3883 2974 3922 3016 a
3962 2948 4220 3022 Not-isio,

2764 3054 3061 3139 aliosque
3108 3055 3357 3119 similes
3395 3056 3767 3140 complures
3809 3078 3852 3147 ‚n
3895 3050 4221 3116 Mediobar·

2751 3156 2850 3218 ho
2884 3156 3196 3219 adductos
3218 3203 3235 3234 ,
3283 3177 3508 3222 verum
3542 3157 3771 3242 quovis
3803 3158 4079 3242 pignore
4111 3172 4226 3216 cer·

2765 3271 2972 3320 tarem
2994 3302 3011 3333 ,
3081 3279 3232 3321 esse
3290 3278 3406 3337 cos
3458 3279 3540 3321 ex
3592 3279 3842 3341 genere
3890 3258 4222 3322 subaerato-

2763 3377 2936 3423 rum.
3023 3361 3111 3420 Et
3166 3374 3374 3423 exstat
3421 3381 3659 3425 revera
3710 3361 3779 3423 in
3833 3378 4060 3423 museo
4099 3358 4225 3419 Cae·

2655 3532 2664 3547 ·
2766 3481 2958 3523 sarco
3014 3481 3248 3524 numus
3312 3460 3614 3525 similiter
3669 3450 4055 3548 inscriptus,
4131 3453 4224 3520 sed

2764 3562 2946 3645 cujus
3003 3561 3217 3625 hiatus
3267 3563 3465 3628 vilem
3509 3565 3783 3628 animam
3832 3566 4087 3651 prodit,
4141 3582 4226 3623 cu·

2761 3662 2862 3745 jus
2907 3666 3173 3748 generis
3215 3688 3563 3729 numorum
3606 3687 3688 3729 ex
3733 3668 4011 3751 perfidis
4051 3661 4225 3729 offici·

2759 3766 2862 3826 nis
2932 3767 3307 3830 Flaviorum
3392 3769 3743 3853 praecipue
3833 3782 4048 3833 aetate
4126 3786 4228 3828 ms·

2764 3888 2955 3951 gnam
2991 3868 3118 3933 vim
3154 3869 3559 3951 predixisse,
3605 3883 3792 3933 vetus
3830 3884 3935 3935 est
3973 3866 4226 3954 querela.

2759 3972 3012 4033 Eorum
3086 3972 3328 4053 justum
3400 3994 3742 4036 numerum
3819 3967 4226 4056 suppeditabit

2761 4072 2872 4136 vel
2931 4095 3128 4135 uuum
3189 4095 3486 4138 museum
3547 4075 3967 4139 Caesareum.
4051 4071 4227 4155 nujus

2760 4174 3011 4258 ingenii
3050 4197 3282 4243 numos
3319 4177 3432 4263 qui
3467 4177 3651 4241 volet
3682 4177 3749 4239 in
3781 4176 4125 4242 scribenda
4157 4173 4229 4233 hi·

2762 4276 2962 4339 storia
3005 4277 3231 4342 critica
3271 4277 3469 4345 vades
3518 4278 3878 4356 adhibere,
3941 4278 4065 4343 etsi
4115 4296 4230 4338 cer·

2759 4391 2865 4441 tae
2909 4377 3038 4441 siut
3089 4380 3521 4466 antiquitatis,
3581 4382 3637 4443 is
3693 4384 4008 4465 profecto
4063 4379 4227 4440 histo-

2759 4481 2923 4542 riam
2980 4502 3205 4547 veram
3265 4483 3777 4561 consarcinabit,
3838 4484 3965 4549 sed
4026 4483 4229 4552 talem,

2761 4581 3019 4664 qualem
3052 4584 3376 4648 Lucianus
3420 4605 3542 4669 per
3581 4586 3800 4669 jocum
3845 4594 4224 4650 commentus

4379 2682 4385 2757 ί
