4509 5584
1660 545 2014 629 'rm-ER
2033 554 2241 630 I'VS'.

397 724 575 794 11:1².
615 727 761 795 Vn.
804 728 949 797 ΤΒ.
976 724 1376 794 Por-,xvh
1424 725 1798 809 Imperator
1819 729 1894 789 in

394 832 747 912 quadrigis
774 831 1294 912 triumphalibus
1308 849 1364 893 s.
1385 840 1715 909 sceptrum
1739 848 1891 891 eum

332 968 349 980 -
395 930 655 1009 aquila,
683 932 746 995 d.
775 951 1054 994 ramum.
1097 929 1395 998 AV.AR.
1438 931 1642 1010 (Mus.
1677 930 1893 1012 Caes.)

517 1030 902 1094 Renovatur
948 1032 1079 1095 hoc
1115 1046 1271 1117 typo
1309 1027 1627 1095 memoria
1666 1031 1893 1096 trium·

392 1132 509 1218 phi
539 1145 687 1197 ante
712 1132 1115 1197 bienniuma
1157 1133 1430 1198 Tiberio
1465 1133 1614 1201 acti.

1124 1234 1164 1274 *

913 1281 952 1320 ἅ
1333 1281 1373 1317 ’ἃ

677 1339 786 1400 ΤῙ.
832 1337 1197 1403 CAESAR.
1263 1338 1479 1404 D1V1.
1555 1334 1760 1403 AVG.
1805 1336 1887 1404 F.

674 1438 1176 1508 AVGVSTVS.
1218 1438 1398 1505 luP.
1446 1438 1587 1506 V-ll.
1671 1439 1899 1523 Caput

674 1531 945 1604 nudum.
1428 1604 1435 1612 .

391 1641 991 1706 CLEMENTIAE.
1022 1641 1091 1703 S.
1130 1640 1225 1706 C..
1276 1641 1605 1723 Clypeus,
1639 1644 1754 1704 oui
1788 1643 1892 1703 in·

388 1746 722 1827 sculptum
787 1746 1137 1805 adversum
1196 1754 1401 1826 eaput
1460 1742 1883 1804 Clementiae.

387 1846 531 1910 ΑΕ.
565 1847 643 1906 11.
686 1845 886 1926 (Mus.
920 1843 1142 1926 Caes.)

665 1945 915 2007 Eadem
941 1946 1244 2006 adversa.

390 2044 1050 2112 MODERATIONI.
1088 2045 1162 2110 S.
1188 2045 1262 2108 C.
1306 2035 1610 2126 Clypeus,
1643 2048 1757 2108 cui
1789 2047 1907 2107 in·'

387 2153 729 2232 sculptum
758 2149 1102 2210 adversum
1137 2156 1338 2228 eaput
1368 2145 1884 2208 Moderationis.

387 2254 533 2318 ΔΕ.
568 2254 649 2316 11.
684 2253 881 2332 (M'us.
915 2248 1137 2333 Caes.)

515 2352 673 2415 Bini
712 2350 785 2412 hi
824 2348 1006 2413 numi
1061 2348 1234 2410 intra
1296 2344 1582 2429 quinque
1635 2344 1887 2428 primos

388 2454 646 2519 Tiberii
690 2454 861 2537 Aug.
909 2470 1113 2514 annos
1151 2445 1388 2531 signati
1417 2459 1567 2509 sunt
1601 2446 1884 2511 docente

386 2559 579 2623 titulo
629 2557 804 2619 lMP.
855 2555 1035 2624 Vn..
1108 2570 1258 2611 nam
1307 2560 1491 2612 certo
1539 2568 1621 2611 ex
1671 2549 1887 2612 numis

386 2672 676 2734 constat,
747 2654 1088 2718 Tiberium
1145 2652 1376 2715 saltem
1407 2649 1489 2717 V.
1526 2653 1599 2718 C.
1640 2668 1765 2735 772
1811 2669 1885 2714 se
1924 2653 1940 2663 ⁹

387 2761 731 2845 scripsisse
786 2759 962 2822 IMP.
1005 2756 1181 2824 VIII.
1253 2751 1619 2815 Affectabat
1668 2765 1891 2816 sutem

385 2864 712 2949 principio
768 2857 1031 2942 imperii
1082 2857 1512 2920 Clementiam
1550 2867 1620 2918 et
1655 2856 1888 2917 Mode-

390 2968 719 3029 rationem
759 2960 1051 3025 nondum
1096 2970 1283 3021 certo
1334 2974 1563 3018 rerum
1621 2976 1882 3018 suarum

389 3079 589 3143 statu,
630 3073 711 3128 'ac
751 3084 940 3128 causa
976 3057 1352 3124 Germanici
1379 3056 1639 3132 anxins,
1684 3076 1882 3141 quem

386 3181 665 3253 propter
714 3188 824 3230 res
876 3178 1121 3250 gestas,
1178 3173 1246 3224 et
1290 3158 1521 3244 populi
1561 3179 1881 3244 summum

386 3269 674 3334 studium
715 3281 783 3331 et
824 3267 1136 3330 idoneum
1186 3260 1612 3347 principatui,
1674 3273 1742 3323 et
1774 3282 1882 3343 pa·

387 3385 601 3436 ratum
649 3387 1104 3434 successorem
1151 3362 1485 3429 metuebat
1515 3366 1596 3445 ⁸).
1676 3362 1882 3446 Igitur

389 3471 697 3556 exemplo
766 3474 818 3537 1.
864 3468 1192 3543 Caesaris,
1270 3487 1467 3551 quem
1530 3463 1883 3528 Suetonius

385 3575 617 3640 scribit
634 3572 751 3656 3)),
790 3555 1632 3643 MODERATIONEM,
1685 3565 1886 3628 CLE-

386 3679 482 3741 M
482 3676 607 3741 ΕΝ
614 3677 709 3738 TI
708 3676 990 3754 AMque
1021 3685 1161 3734 tum
1178 3674 1251 3734 in
1274 3669 1882 3745 administratione,

389 3792 529 3840 tum
557 3781 631 3840 in
656 3779 946 3839 victoria
970 3773 1132 3835 belli
1157 3771 1383 3835 civilis
1417 3768 1882 3831 admirabilem

388 3880 804 3952 exhibuisse,
838 3894 1115 3939 necesse
1150 3871 1368 3949 duxit,
1407 3869 1731 3955 principio
1765 3866 1883 3930 im-

387 3979 559 4063 perii
593 3977 676 4042 ad
728 3974 1145 4042 stabiliendas
1190 3994 1303 4039 res
1358 3993 1505 4035 suas
1541 3990 1882 4035 arcessere

387 4079 663 4144 virtutes
695 4078 777 4142 ab
820 4078 1038 4143 animo
1072 4095 1227 4152 suo,
1294 4072 1473 4158 quod
1517 4072 1727 4135 exitus
1764 4071 1879 4136 do-

389 4182 561 4257 cuit,
633 4179 839 4245 nimio
914 4179 1177 4243 alienas.
1282 4177 1454 4239 Sane
1508 4173 1715 4236 multo
1771 4172 1878 4236 atl-

385 4286 515 4347 huc
547 4284 757 4347 serius
785 4280 1040 4345 Tiberii
1084 4277 1291 4364 gratia
1324 4298 1435 4341 ara
1475 4276 1879 4344 Clementiae

386 4390 453 4450 8.
476 4388 550 4448 C.
572 4386 841 4450 decreta
868 4382 993 4445 fuit
1034 4383 1114 4465 ο).
1160 4378 1426 4444 Similes
1462 4375 1645 4441 numi
1683 4375 1876 4439 etiam

3375 586 3506 656 187

2008 725 2220 790 serius
2254 723 2490 811 signati
2519 739 2703 806 sunt,
2740 727 2917 814 quod
2951 747 3034 794 ex
3064 731 3285 798 addito
3327 740 3504 804 IMP.

2005 827 2180 896 vm.
2216 840 2416 911 patet.
2490 829 2788 895 Adversa
2831 833 3013 894 numi
3054 835 3294 916 prioris
3337 859 3506 904 nova

2006 947 2140 991 non
2180 943 2303 993 est.
2348 931 2577 993 Exstat
2606 933 2779 995 enim
2814 934 3043 998 eadem
3068 981 3086 1015 ,
3118 959 3242 1002 seu
3280 939 3508 1005 inscri-

2004 1030 2298 1114 ptionem
2334 1046 2630 1115 spectes,
2670 1055 2788 1097 seu
2820 1049 3078 1121 typum,
3126 1040 3194 1100 in
3227 1040 3517 1108 denario·

2001 1133 2218 1198 Paulli
2248 1132 2488 1218 Lepidi
2518 1137 2733 1218 gentis
2766 1129 3110 1205 Aemiliae.

2394 1323 2477 1386 V.
2506 1321 2735 1400 &768
2777 1327 2846 1388 P.
2879 1327 2971 1391 X.
3014 1330 3113 1392 15.

2198 1438 2356 1506 ΤΒ..
2379 1442 2453 1508 Ρ.
2485 1440 2682 1507 XVI.
2715 1444 2949 1512 XVII.
2988 1447 3181 1513 COS.
3216 1447 3313 1514 II.

2542 1561 2748 1627 [MP.
2789 1566 2946 1630 VII.

2081 1679 2310 1741 Druso
2356 1680 2540 1743 Caes.
2581 1681 2650 1744 G.
2673 1679 2987 1747 Norbano
3028 1687 3263 1749 Flacco
3291 1708 3424 1752 cos.

2631 1799 2883 1882 Incipit

2248 1896 2738 1964 PONTJFEX
2767 1903 3263 1971 MAXIMVS.
3299 1992 3306 2000 ι

2131 2045 2559 2110 Germanicus
2593 2047 2815 2112 Cattos
2862 2051 3149 2137 impetit,
3206 2066 3274 2116 et
3306 2060 3507 2132 impe·

2000 2160 2191 2210 rator
2244 2169 2282 2210 a
2338 2147 2611 2212 Tiberio
2666 2149 2906 2214 dicitur
2958 2154 3047 2236 d).
3134 2156 3504 2220 Arminium

1999 2248 2456 2333 persequitur,
2496 2263 2565 2313 et
2605 2252 2812 2314 caesis
2847 2252 3008 2323 Vari
3055 2255 3369 2321 militibus
3403 2259 3502 2321 in·

1999 2347 2200 2413 ferias
2228 2349 2432 2412 mittit
2455 2353 2540 2434 ο).

2288 2455 2396 2513 TI.
2442 2453 2814 2519 CAESAR.
2877 2458 3090 2526 D1V1.
3152 2461 3358 2528 AVG.
3423 2464 3502 2526 F.

2285 2553 2778 2623 AVGVSTVS.
2846 2558 3062 2638 Caput
3094 2560 3496 2628 laureatum.

1999 2653 2176 2715 lMP.
2210 2651 2355 2720 vn.
2392 2657 2535 2723 ΤΒ.
2585 2655 2790 2721 ΡΟΤ.
2847 2657 3053 2724 XVII.
3127 2661 3505 2742 Imperator

2000 2756 2075 2817 in
2120 2758 2468 2838 quadrigis
2511 2755 3029 2839 triumplialibus
3068 2763 3133 2824 d.
3171 2764 3356 2827 lauri
3398 2788 3505 2828 ra·

1998 2875 2215 2932 mum,
2253 2878 2309 2918 s.
2344 2869 2674 2939 sceptrum
2698 2878 2847 2920 eum
2882 2862 3134 2941 aquila.
3179 2864 3321 2932 AV.
3357 2868 3498 2931 AB.

1996 2955 2449 3037 (Mum-Caes.)

2118 3060 2506 3121 Postremus
2554 3057 2663 3122 hic
2698 3080 2932 3122 numus
2970 3075 3101 3138 est,
3155 3065 3267 3149 qui
3302 3069 3501 3132 Tibe·

1994 3158 2079 3223 rii
2121 3158 2207 3223 de
2262 3159 2614 3228 Pannoniis
2678 3160 3078 3245 triumphum
3136 3181 3286 3230 ante
3363 3183 3500 3234 tres

1995 3280 2198 3325 annos
2255 3276 2471 3325 actum
2518 3261 2745 3344 jactat,
2807 3278 3039 3349 estque
3103 3288 3288 3332 rarus
3349 3291 3498 3336 cum

1999 3360 2124 3427 hac
2167 3362 2320 3426 trib.
2348 3376 2693 3445 potestate.
2795 3351 2806 3369 ⁸

2729 3467 2768 3504 ῃ

2521 3512 2561 3548 ⁴*
2938 3515 2976 3551 s

2276 3566 2386 3631 TI.
2431 3566 2797 3634 CAESAR.
2855 3570 3065 3639 DIV-I.
3143 3572 3344 3637 AVG.
3419 3577 3493 3634 F.

2273 3666 2767 3737 AVGVSTVS.
2844 3673 3060 3754 Caput
3097 3675 3498 3742 laureatum.

1995 3766 2347 3835 PONTIF.
2379 3772 2693 3834 Maxm.
2736 3772 2993 3834 Mulier
3028 3778 3260 3840 sedens
3290 3780 3354 3841 d.
3382 3781 3500 3840 ha-

1997 3884 2210 3946 stam,
2247 3893 2303 3932 s.
2338 3892 2617 3937 ramum.
2659 3872 2803 3938 AV.
2835 3875 2975 3936 AR.

2096 3971 2580 4040 ·P0ntificatum
2620 3974 2971 4037 maximum
3012 3975 3317 4042 Tiberius
3363 4004 3496 4046 non

1993 4072 2207 4136 statim
2258 4072 2338 4136 ab
2406 4072 2582 4137 adito
2644 4075 2923 4158 imperio
2989 4081 3309 4162 suscepit,
3377 4085 3496 4146 sed

1995 4193 2164 4237 anno
2190 4190 2522 4259 sequente
2557 4179 2671 4243 Vl.
2721 4175 2866 4239 idus
2917 4180 3203 4245 Martias.
3280 4182 3496 4247 Docet

1994 4274 2169 4339 istud
2218 4275 2476 4360 insigne
2513 4298 2800 4340 marmor
2833 4275 3335 4357 Gruterianum,
3386 4306 3496 4346 cu-

1993 4377 2100 4459 jus
2146 4389 2479 4459 postrema
2525 4378 2728 4442 verba
2769 4394 2916 4441 sunt
2974 4377 3057 4459 s):
3108 4385 3217 4450 Vl.
3267 4386 3493 4451 IDVS.

400 4566 3467 4600 m

461 4704 523 4773 a)
561 4699 677 4758 Dio
704 4698 770 4760 1..
792 4695 972 4758 LVII.
1004 4697 1055 4769 §.
1076 4706 1165 4760 13.
1275 4689 1350 4764 b)
1388 4689 1450 4749 in
1476 4687 1586 4752 lul.
1619 4708 1749 4768 cap.
1765 4700 1857 4756 75.
1973 4690 2035 4764 c)
2072 4688 2264 4750 Tacit.
2296 4691 2447 4749 Ann-
2475 4688 2577 4754 IV.
2611 4700 2698 4754 Τά.
2803 4694 2885 4770 ¹d)
2926 4694 3111 4754 Tacit.
3142 4641 3370 4758 Anu-1.
3404 4709 3489 4762 58.

388 4794 448 4863 e)
486 4790 674 4849 Tacit.
783 4787 838 4861 s)
875 4805 1013 4865 pag.
1038 4793 1162 4851 228.
1189 4786 1319 4844 n.8.

2692 4873 2915 4935 Aen
