4509 5584
1044 556 1191 660 ²90
1537 568 1554 586 ·
1629 579 1640 598 ‘
2388 552 2802 626 GALBA.

1034 730 1450 794 Mscmana
1516 721 2081 787 LIBERATRIX.
2174 721 2340 800 cai,
2417 720 2531 806 qui

1033 819 1382 915 utramque
1419 824 1600 892 numi
1633 817 2052 909 superficiem
2086 823 2366 900 confert,
2393 843 2533 885 non

1034 933 1346 997 continuo
1413 929 1484 991 in
1546 927 1771 991 oculos
1833 926 2126 989 incurrat
2182 925 2403 1009 inepta
2457 924 2528 985 in

1030 1035 1271 1098 eodem
1306 1050 1505 1093 numo
1541 1027 1941 1112 tautologia?

1153 1134 1425 1200 Collatis
1476 1131 1776 1195 omnibus
1822 1129 2020 1192 certis
2060 1127 2269 1191 Macri
2311 1126 2524 1190 numia

1027 1235 1345 1304 docemur
1384 1239 1466 1312 1.,
1522 1254 1673 1296 eum
1714 1230 2163 1294 restituendae
2203 1229 2524 1294 libertatis

1025 1341 1320 1425 speciem
1380 1337 1591 1421 palam
1647 1333 2075 1418 praetulisse3
2147 1352 2296 1394 nam
2350 1352 2526 1395 com.

1023 1456 1214 1526 paret
1269 1441 1336 1502 iu
1391 1438 1697 1500 numo‘l.
1759 1434 1895 1517 ipsa
1953 1432 2254 1496 Libertas
2313 1445 2521 1509 stans,

1024 1544 1212 1607 abest
1258 1540 1463 1624 ipsius
1507 1536 1714 1600 Macri
1757 1547 1985 1618 caput,
2040 1554 2124 1596 ne
2169 1552 2239 1595 se
2286 1532 2526 1615 princi-

1021 1657 1177 1741 pem
1239 1644 1420 1706 ferre
1475 1637 1813 1716 videatur,
1886 1648 1950 1697 at
2005 1633 2318 1697 inseritur
2370 1648 2523 1698 nota

1021 1747 1096 1810 S.
1125 1747 1240 1822 C.,
1303 1742 1610 1805 nimirum
1667 1754 1968 1821 tanquam
2031 1736 2245 1800 omnia
2295 1734 2376 1797 ad
2423 1756 2524 1799 se·

1021 1860 1207 1912 natus
1256 1843 1596 1908 nubiti-ium
1645 1839 2105 1912 constitueret,
2153 1850 2238 1899 et·
2265 1837 2525 1902 univer-

1016 1947 1143 2014 sim
1187 1965 1417 2010 omnes
1469 1943 1539 2004 hi
1582 1941 1763 2005 numi
1804 1938 1887 2003 ad
1930 1962 2079 2003 eum
2126 1937 2392 2001 modum
2437 1939 2520 2002 si·

1017 2050 1196 2148 gusti
1234 2060 1416 2123 sunt,
1460 2065 1592 2130 quo
1627 2043 1911 2128 signatos
1952 2040 2247 2106 videmus
2284 2061 2517 2105 numos

1013 2150 1238 2215 stantis
1314 2147 1739 2230 reipublicae.
1829 2135 2006 2227 Ipsas
2080 2143 2236 2228 quin
2298 2142 2511 2205 etiam

1012 2244 1312 2338 legiones
1358 2250 1521 2311 dixit
1563 2251 1694 2310 [ἰαῦ
1698 2270 1810 2308 ra..-
1826 2260 2214 2329 ‚tanquam
2265 2266 2432 2328 quae
2475 2268 2512 2307 a

1008 2375 1153 2438 rep.
1196 2353 1443 2428 libera,
1506 2370 1637 2412 non
1685 2361 1849 2413 nutu
1898 2346 2215 2430 principis
2269 2343 2513 2431 pende-

1009 2463 1186 2522 rent.
1217 2465 1222 2472 ·
1250 2455 1400 2517 Hoc
1450 2450 1746 2514 instituto
1798 2461 1987 2513 caute
2039 2449 2318 2532 captavit
2372 2449 2513 2532 ple-

1010 2551 1115 2620 bis
1164 2555 1246 2623 R.
1312 2555 1615 2638 gratiam,
1681 2569 1845 2634 quae
1906 2550 2510 2621 intellectaNer‘o·

1009 2657 1115 2722 nis
1160 2654 1361 2721 caede
1407 2654 1645 2737 pileata
1687 2673 1811 2735 per
1855 2651 2085 2715 urbem
2132 2664 2298 2714 teste
2346 2651 2507 2712 Sue·

1010 2761 1195 2824 tonio
1253 2753 1580 2819 discurrit.
1667 2756 2006 2820 Docemur
2061 2756 2140 2816 11.
2200 2752 2504 2816 babuisse

1003 2865 1306 2924 Macrum
1366 2857 1692 2940 legiones·
1727 2854 1949 2932 binas,
2025 2853 2258 2939 quibus
2315 2874 2505 2938 prae-

1000 2959 1160 3040 fuit,
1202 2960 1515 3045 primam,
1562 2977 1753 3041 quam
1797 2955 1881 3020 de
1927 2977 1998 3020 se
2044 2955 2300 3022 vocavit
2348 2957 2502 3016 Ma-

1004 3068 1344 3137 cn’anam,
1394 3057 1571 3144 quod
1612 3060 1806 3123 etiam
1843 3078 1974 3120 non
2018 3058 2299 3121 obscure
2335 3055 2502 3130 indi-

1003 3166 1166 3250 gitat
1215 3163 1478 3225 Tacitus
1528 3160 1629 3223 his
1681 3160 1902 3225 verbis
1950 3163 2045 3243 ⁸)2.
2121 3165 2190 3222 in
2243 3159 2503 3243 Africa

2641 718 3050 805 legionibus,
3133 739 3298 805 quae
3363 719 3482 782 sub
3544 722 3775 789 Macro
3852 738 4136 808 stetere,

2645 824 2839 886 etiam
2881 820 3041 884 alibi
3076 822 3215 906 agit
3246 822 3508 894 Tacitus
3538 822 3623 904 h).
3678 825 3881 911 Atqui
3924 828 4134 913 legio-

2641 944 2799 986 nem
2842 927 2954 989 111.
3006 924 3362 1007 Augustam
3407 924 3666 990 stetisse
3722 928 3790 990 in
3833 930 4137 998 Numidia

2639 1040 2908 1109 praeter
2977 1027 3099 1089 hos
3164 1047 3399 1089 numos
3468 1047 3603 1090 nou
3667 1030 3866 1095 modo
3940 1032 4138 1108 docet

2641 1125 2771 1189 Dio
2815 1132 2910 1208 ο),
2965 1127 3084 1191 sed
3134 1142 3201 1190 et
3245 1147 3570 1193 marmora
3621 1129 3688 1192 in
3734 1132 3980 1198 ditione
4019 1135 4134 1198 Al-

2643 1228 2910 1311 geriana
2946 1243 3210 1312 reperta
3230 1255 3259 1304 ,·
3294 1242 3363 1292 et
3398 1230 3739 1314 inscripta:
3785 1235 3986 1301 LEG.
4021 1238 4133 1303 ΠΙ.

2637 1328 2845 1396 AVG.
2884 1342 3052 1392 teste
3088 1328 3346 1392 erudito
3386 1332 3581 1397 Shaw
3610 1335 3829 1419 Anglo
3860 1337 3946 1418 d).

2762 1430 2960 1491 Numi
3019 1433 3171 1494 loco
3231 1445 3567 1516 postremo
3635 1436 3987 1521 descripti,
4062 1440 4132 1502 in

2636 1529 2868 1614 quibus
2914 1545 3105 1616 caput
3141 1535 3350 1598 Macri
3393 1536 3672 1615 sistitur,
3734 1540 3976 1624 oppido
4014 1541 4133 1605 mi·

2635 1631 2707 1693 bi
2764 1634 3072 1697 videntur
3131 1638 3455 1720 suspecti,
3518 1651 3711 1724 atque
3766 1642 3837 1705 in
3893 1641 4126 1712 eadem

2637 1734 2945 1818 opinione
2986 1735 3183 1800 fuere
3231 1739 3721 1824 Havercampus
3765 1747 3859 1823 θ),
3925 1744 4127 1829 Span-

2634 1834 2891 1899 hemius
2934 1835 3027 1920 ¹),
3104 1837 3395 1903 Liebeus
3438 1842 3524 1922 ε).
3623 1843 3842 1907 Nolim
3906 1859 4128 1911 tamen

2633 1936 2736 1999 his
2774 1939 2989 2001 numis
3028 1940 3234 2004 malae
3286 1940 3445 2004 fidei
3494 1957 3715 2008 notam
3758 1944 3933 2009 inuri
3976 1967 4130 2031 pro-

2629 2053 2899 2122 pterea,
2945 2040 3123 2125 quod
3161 2042 3230 2104 in
3265 2042 3346 2106 iis
3380 2047 3609 2109 Macer
3645 2046 3885 2112 dicitur
3914 2047 4128 2114 PRO·
4186 2089 4203 2106 ·

2630 2141 2937 2204 PRaecor
2980 2144 3397 2221 AFRICAE,
3448 2166 3593 2210 cum
3639 2161 3856 2213 tamen
3899 2150 4124 2214 Africa

2629 2241 2833 2305 suerit
2860 2245 3196 2327 provincia
3226 2248 3714 2329 proconsularis
3749 2252 4010 2335 populi,
4055 2266 4125 2322 et

2628 2364 2665 2405 a
2720 2347 3223 2427 proconsulibus
3270 2361 3662 2432 regeretur,
3710 2370 3845 2413 uon
3887 2353 4123 2437 legatis

2625 2447 3165 2529 propraetoribus
3220 2451 3520 2534 Augusti.
3599 2451 3888 2516 Dubium
3945 2455 4122 2519 enim

2624 2545 2822 2609 facile
2872 2549 3229 2630 expedient
3274 2552 3536 2615 Tacitus
3578 2550 3683 2634 h),
3742 2565 3811 2615 et
3859 2553 3990 2616 Dio
4036 2554 4120 2637 i),

2623 2667 2785 2731 quos
2822 2650 3119 2713 laudasse
3153 2650 3451 2730 sufficiat,
3485 2674 3634 2716 nam
3663 2672 3920 2718 causam
3952 2657 4117 2722 banc

2618 2748 2749 2832 jam
2781 2749 3201 2817 discussimus
3242 2752 3398 2817 alibi
3428 2751 3517 2837 k).

3094 3057 3639 3122 PRETIVM.
3724 3069 3732 3083 '

2743 3255 2942 3317 Numi
3004 3256 3085 3320 L.
3132 3256 3345 3320 Clodii
3402 3260 3612 3324 Macri
3677 3273 3896 3326 certae
3958 3258 4118 3326 fidei
4196 3261 4208 3270 ”

1003 3270 1201 3350 legia,
1234 3268 1659 3341 cohortesque
1688 3262 1981 3324 delectae
2007 3283 2049 3323 a
2085 3261 2316 3323 Clodio
2348 3260 2503 3322 Ma·
2554 3312 2559 3317 .

1003 3390 1149 3445 cro,
1197 3377 1265 3429 et
1311 3367 1577 3427 tertiam
1619 3361 1856 3425 dictam
1914 3363 2322 3444 Augustam.
2397 3360 2502 3421 De
2618 3368 3030 3421 suntomnes
3067 3360 3365 3443 argentei
3393 3373 3468 3424 et
3499 3362 3763 3429 tumn.

1726 3641 2210 3706 SERVIVS
2299 3634 2910 3703 SVLPICIVS
2985 3635 3404 3705 GALBA.

1127 3829 1366 3891 Natum
1407 3823 1610 3890 fuisse
1643 3825 1727 3889 V.
1766 3824 1838 3886 C.
1876 3824 1993 3905 75¹
2038 3821 2148 3887 11.
2187 3818 2327 3883 Ral.
2369 3822 2499 3883 lau.
2615 3817 2873 3881 Italicus
2918 3817 3008 3901 ¹¹).
3113 3819 3328 3883 Mater
3411 3818 3513 3882 illi
3596 3818 3720 3884 fuit
3794 3823 4105 3888 Mummia

997 3929 1257 3993 ,diserte
1299 3938 1575 3992 testatur
1611 3924 1973 3989 Suetonius
2019 3920 2092 4006 ¹).
2181 3920 2502 4004 Sulpicio·
2613 3919 2896 3982 Achaica
2942 3921 3280 4004 proneptis
3317 3922 3400 3988 L.
3430 3921 3729 3985 Mummii
3771 3925 3935 4007 ejus,
3995 3925 4107 4011 qui

987 4049 1150 4095 ‘rum
1202 4028 1450 4093 familia
1504 4040 1691 4091 vetus
1737 4040 1802 4090 et
1849 4046 2116 4110 magna,
2164 4023 2348 4107 cujus
2393 4045 2502 4086 au·
2616 4020 3001 4084 Corinthum
3075 4021 3319 4085 excidit
3365 4023 3448 4105 0).
3531 4024 3758 4088 Rebus
3832 4025 4104 4109 agendis

1002 4145 1150 4199 ctor
1182 4145 1528 4217 paternus,
1574 4130 1630 4192 si
1672 4128 1797 4212 ipsi
1842 4127 1994 4191 huic
2023 4124 2272 4191 Galbae
2311 4125 2499 4201 fides,
2610 4143 2738 4206 per
2795 4136 3075 4186 aetatem
3134 4119 3413 4186 idoneus
3473 4145 3684 4210 remp.
3745 4126 3942 4202 adiit,
4015 4142 4106 4192 at·

981 4235 1332 4319 luppiter,
1363 4285 1370 4294 .
1431 4245 1764 4295 maternus
1847 4228 2166 4314 Pasiphae
2253 4225 2497 4289 Minois
2615 4245 2744 4308 que
2800 4224 3013 4289 serius
3069 4227 3478 4312 praepositus
3528 4226 3794 4305 Galliis,
3864 4228 4103 4294 deiude

985 4357 1166 4402 uxor
1190 4338 1306 4419 ¹¹²),
1356 4334 1462 4400 cui
1518 4332 1946 4417 adstipulatur
1985 4350 2245 4416 quoque
2294 4329 2494 4393 Silius
2605 4326 2871 4391 Africae
2930 4325 3193 4391 laudem
3250 4351 3288 4391 a
3338 4328 3611 4412 justitia,
3671 4342 3808 4393 tum
3862 4329 4101 4394 virtute

1068 4526 1132 4596 a)
1171 4522 1246 4596 ῌί
1251 4534 1318 4580 st.
1340 4524 1411 4581 11.
1441 4533 1530 4595 97.
1694 4518 1768 4589 b)
1807 4518 1959 4575 Hist.
1980 4517 2027 4578 I.
2059 4531 2143 4580 ιι.
2305 4518 2368 4587 c)
2405 4515 2474 4574 L.
2490 4515 2610 4575 LV.
2644 4517 2694 4589 ξ.
2716 4527 2785 4578 23
2752 4545 2803 4578 0.
2957 4517 3025 4588 d)
3063 4514 3335 4592 voyages
3367 4518 3535 4576 Tum.
3555 4517 3599 4575 1.
3748 4518 3812 4590 e>
3848 4517 3911 4575 in
3934 4520 4099 4578 Fam.

993 4610 1228 4668 Mox-elli
1253 4630 1317 4690 p.
1339 4621 1439 4670 471
1475 4622 1534 4666 et
1563 4610 1627 4665 in
1651 4609 1843 4685 Impp.
1874 4604 2107 4663 Morelli
2127 4606 2206 4662 Τ.
2227 4606 2301 4664 11.
2335 4626 2397 4684 p.
2418 4615 2537 4671 181.
2663 4606 2719 4676 f)
2756 4605 2928 4662 Tom.
2948 4605 3021 4664 11.
3052 4624 3113 4682 p.
3133 4614 3258 4669 241.
3382 4608 3449 4681 g)
3490 4606 3672 4665 Goth.
3701 4625 3862 4666 num.
3892 4628 3955 4686 p.
3972 4613 4095 4673 246.

990 4701 1065 4775 h)
1094 4695 1256 4757 nist.
1277 4699 1375 4759 1v.
1408 4707 1502 4762 48.
1683 4697 1734 4769 i)
1771 4697 1837 4757 L.
1856 4694 2004 4754 le.
2033 4699 2192 4767 §.20.
2370 4695 2442 4769 k)
2481 4695 2615 4757 vol.
2634 4694 2732 4755 IV.
2750 4714 2821 4772 p.
2844 4704 2970 4758 240.
3152 4694 3205 4768 1)
3248 4689 3467 4771 Cap.4.
3652 4698 3740 4770 m)
3780 4697 3941 4757 Suet.
3972 4718 4023 4757 c.
4045 4710 4092 4759 2.

987 4792 1059 4864 n>
1096 4790 1301 4851 Punic.
1332 4784 1571 4849 1..V11L
1598 4797 1724 4851 4:⁷1.
1874 4789 1939 4860 σ)
1979 4785 2141 4846 Suet.
2176 4796 2299 4850 αδ.
