4509 5584
1587 618 2239 694 AVGVSTVS.

1914 808 1920 814 ·
2001 787 2200 873 bigne
2236 783 2453 852 videri
2489 785 2729 869 possit,
2789 804 2938 849 nam
2967 806 3054 852 ex
3092 806 3223 872 quo
3255 789 3493 852 Caesar

780 787 862 848 V.
890 783 961 849 G.
993 782 1122 867 738
1156 784 1250 851 A.
1277 786 1369 853 Χ.
1402 784 1499 853 16.

393 903 531 966 ΤΒ.
585 907 660 1011 Ρ.
717 904 875 968 VH.
932 904 1126 968 VIII.
1183 906 1377 974 COS.
1427 905 1562 973 XI.
1615 905 1883 974 ΡΟΝΤ.

952 1025 1154 1090 ΙΜΡ.
1187 1024 1315 1089 ΙΧ.

375 1144 464 1210 L.
495 1145 805 1212 Domitio
845 1145 1337 1224 AhenobarbO,
1383 1148 1458 1211 P.
1500 1147 1692 1213 Corn.
1741 1145 1880 1211 Sci·

937 1250 1138 1332 plone
1170 1268 1305 1312 cos.

509 1392 859 1459 Germanis
914 1395 1166 1458 bellum
1222 1397 1611 1461 minantibus
1657 1398 1876 1481 Augu-

373 1509 517 1558 stus
574 1497 645 1558 in
701 1496 1012 1561 Galliam'
1034 1499 1492 1583 proficiscitur.
1580 1500 1875 1585 Agrippa

366 1595 561 1662 circa'
590 1612 966 1664 autumnum
1004 1600 1071 1661 in
1099 1599 1445 1666 Orientem
1479 1600 1633 1665 abit.
1785 1643 1789 1647 -

657 1700 724 1762 S.
767 1703 847 1768 P.
895 1701 981 1798 Q.
1026 1702 1107 1766 R.
1157 1703 1555 1768 CAESARI.
1599 1701 1872 1770 AVGV-

528 1830 538 1839 ·
664 1802 863 1868 STO.
917 1807 1132 1887 Caput
1159 1808 1429 1870 nudum.

370 1902 589 1971 VOT.
622 1903 978 1972 P.‘SVSC.
1011 1904 1218 1972 PRO.
1259 1906 1448 1972 SAL.
1481 1907 1623 1971 ET.
1665 1906 1870 1971 RED.

370 2004 545 2072 1.·0.
578 2008 673 2072 M.
717 2006 964 2070 SACR.
1018 2008 1221 2070 Mars
1256 2010 1602 2091 galeatus«,
1654 2021 1722 2070 et
1753 2030 1872 2070 nu-

369 2110 500 2170 dus
552 2121 744 2171 stans
788 2111 853 2173 d.
909 2110 1269 2188 vexillum,
1319 2132 1373 2174 s.
1399 2112 1863 2194 parazonium.

368 2210 516 2276 AV.
557 2210 697 2274 AR.
731 2212 932 2293 (Mus.
961 2211 1182 2294 Caes.)
1290 2249 1299 2255 ·

662 2314 879 2394 Caput
922 2318 1229 2396 Augusti
1255 2315 1522 2379 nudum.

368 2412 583 2480 10V1.
636 2414 848 2482 VOT.
894 2415 1133 2484 SVSC.
1182 2415 1387 2480 PRO.
1437 2416 1626 2483 SAL.
1663 2417 1866 2480 CAE-

368 2514 643 2582 SARIS.
689 2517 899 2584 AVG.
942 2519 1008 2581 S.
1054 2519 1134 2583 P.
1189 2516 1274 2611 Q.
1328 2520 1411 2582 R.
1456 2523 1636 2583 itura
1682 2539 1864 2580 coro·

368 2638 526 2681 nam
562 2616 899 2698 quei-nam.
946 2621 1089 2684 AR.
1142 2619 1443 2704 (Morelli
1469 2621 1598 2683 tab.
1630 2620 1863 2701 xvn.)

663 2724 879 2803 Caput
918 2724 1228 2805 Augusti
1257 2724 1659 2787 laureatum.

366 2822 434 2884 S.
476 2822 552 2887 P.
602 2821 686 2918 Q.
719 2826 802 2891 R.
840 2822 924 2892 V.
958 2826 1033 2886 P.
1085 2826 1289 2887 RED.
1332 2824 1577 2889 CAES.
1636 2825 1868 2885 inscri-

356 2939 554 3006 ptum
572 2928 741 3004 basi,
780 2930 894 2991 cui
910 2930 1174 2990 Insistit
1192 2928 1391 2989 Mars
1411 2927 1630 2989 nudus
1639 2924 1869 3007 galea-

365 3039 479 3089 tus
507 3029 572 3090 d.
594 3028 895 3106 hastam,
937 3051 993 3096 s.
1011 3032 1473 3111 parazom‘um,
1507 3030 1579 3089 in
1612 3028 1869 3089 orbem:

362 3120 444 3194 L.
484 3129 980 3197 MESCINIVS.
1019 3129 1337 3196 RVFVS.
1425 3129 1564 3190 AR.

652 3231 899 3295 CAES.
956 3230 1165 3299 AVG.
1198 3231 1453 3297 CONS.
1489 3232 1557 3296 S.
1601 3231 1691 3298 C.
1719 3230 1861 3296 ΟΒ.

646 3336 731 3401 R.
764 3336 843 3399 P.
870 3334 1123 3401 CONS.
1159 3335 1444 3417 Cbpeus
1469 3335 1705 3396 laurea
1737 3338 1863 3396 cir·

649 3438 1042 3514 camdenus,
1104 3440 1178 3499 in
1214 3456 1341 3517 quo
1379 3448 1582 3519 caput
1615 3438 1863 3499 nudum

646 3541 992 3601 adversum
1039 3539 1368 3620 Augusti.

356 3642 431 3704 S.
481 3640 561 3705 P.
627 3638 710 3732 Q.
752 3642 835 3705 R.
877 3642 964 3708 V.
1017 3640 1082 3703 8.
1127 3638 1333 3704 PRO.
1363 3640 1432 3703 S.
1470 3640 1613 3702 ET.
1650 3639 1858 3703 RED.

366 3740 576 3807 AVG.
613 3747 1010 3826 inscriptum
1037 3745 1204 3819 basi,
1240 3745 1355 3804 cui
1378 3744 1638 3804 insistit
1667 3743 1865 3804 Affers

360 3847 588 3907 eodem
616 3846 825 3921 cultu,
862 3851 934 3908 in
959 3845 1214 3907 orbem.-
1251 3845 1332 3910 L.
1355 3844 1851 3912 MESCINIVS.

357 3948 675 4015 RVFVS.
713 3947 978 4012 111V1n.
1023 3947 1166 4010 AR.
1202 3946 1557 4027 (Morelli.)

646 4049 718 4111 C.
783 4048 1270 4115 ANTISTIVS.
1350 4048 1673 4116 VE'PVS.
1738 4051 1854 4111 111-

641 4152 822 4218 VIR.
862 4155 1165 4214 Protome
1196 4155 1562 4212 Victoriae.

352 4252 561 4319 PRO.
616 4253 1226 4320 VALETVDINE.
1277 4249 1720 4314 CAESARIS.
1779 4252 1868 4319 S..

2002 888 2283 972 Augusti
2325 887 2586 950 titulum
2631 886 2931 966 abstulit,
2992 886 3337 975 aliquoties
3368 912 3493 977 pro

1997 989 2140 1072 ejus
2182 988 2400 1052 reditu
2445 1002 2597 1054 vota
2644 1003 2960 1074 concepta
3001 1003 3169 1056 sunt.
3235 993 3296 1057 1
3318 1012 3489 1055 anno

1996 1091 2078 1158 V.
2125 1090 2198 1155 C.
2259 1091 2423 1171 730,
2495 1112 2646 1155 cnm
2690 1093 3065 1155 Tarracone
3115 1113 3319 1176 aeger
3381 1092 3495 1157 de·

1995 1192 2370 1270 cumberet,
2446 1192 2862 1275 reditumque
2939 1207 3239 1277 pararet,
3314 1194 3491 1278 quod

1995 1293 2259 1357 disertis
2289 1293 2482 1357 etiam
2516 1293 2738 1357 verbis
2767 1294 2898 1356 Dio
2933 1294 3012 1357 ad
3044 1294 3219 1359 hunc
3253 1304 3491 1359 annum

1991 1378 2232 1458 factum
2305 1396 2687 1474 confirmat,
2759 1396 3102 1460 nimirum:
3187 1398 3488 1482 Augusto

1989 1499 2266 1561 Romam
2308 1498 3161 1582 reducixaliasuissesacta
3178 1520 3301 1580 pro
3337 1500 3493 1564 SA-

1987 1600 2243 1663 LVTE
2273 1600 2407 1663 ET
2431 1598 2979 1677 REDITVejus.
3015 1603 3096 1667 11.
3129 1601 3304 1669 V-C.
3338 1598 3488 1682 735,

1990 1721 2140 1764 cum
2183 1723 2269 1767 ex
2302 1700 2582 1765 Oriente
2618 1702 2894 1763 Romam
2930 1701 3217 1780 rediret,
3262 1703 3329 1764 in
3368 1704 3487 1765 hu-

1989 1804 2089 1886 jus
2124 1803 2275 1867 anni
2315 1802 2528 1866 numis
2576 1800 2841 1870 dictum.
2930 1807 3041 1870 111.
3087 1823 3255 1867 anno
3300 1824 3487 1888 prae-

1988 1918 2174 1969 sente
2203 1904 2365 1987 738,
2428 1925 2607 1983 nam,
2660 1918 2735 1967 ut
2766 1921 2984 1970 narrat
3016 1907 3182 1984 Dio,
3242 1908 3487 1989 Augu-

1986 2019 2090 2070 sto
2148 2009 2362 2069 Roma
2402 2011 2708 2093 profi-cto
2747 2007 3096 2090 (tendebht
3139 2021 3358 2072 autem
3415 2008 3485 2068 in

1978 2107 2261 2190 Gailias)
2315 2111 2511 2171 aedes
2544 2109 2928 2173 Iuventutis
2954 2115 3336 2193 insequenti
3368 2133 3483 2174 no·

1982 2224 2090 2272 cte
2126 2211 2602 2297 conflagravit,
2654 2211 2843 2289 cujus
2876 2232 3083 2275 causa
3123 2225 3283 2274 vota
3329 2226 3489 2276 sunt

1976 2332 2100 2394 pro
2133 2312 2354 2374 reditu
2381 2312 2688 2393 Augusti
2724 2324 3077 2395 concepta,
3119 2313 3238 2376 sed
3269 2314 3482 2377 soluta

1981 2415 2064 2482 V.
2094 2413 2168 2479 C.
2197 2424 2316 2497 94¹
2344 2458 2361 2491 ,
2394 2425 2468 2474 ut
2489 2411 2693 2475 docet
2718 2413 2881 2496 lapis
2905 2413 3180 2477 Gruteri
3205 2418 3295 2495 ⁸).
3360 2417 3477 2483 lv.

1979 2518 2063 2585 V.
2107 2518 2178 2579 C.
2226 2525 2393 2596 747,
2466 2534 2612 2577 cum
2662 2533 2737 2589 ea
2788 2528 2936 2578 vota
2988 2516 3179 2600 Cujus
3231 2520 3474 2582 Caesar

1981 2641 2105 2703 pro
2138 2618 2406 2681 absente
2443 2616 2715 2679 Tiberio
2764 2618 3224 2700 persolveret,
3260 2634 3332 2682 ut
3370 2630 3476 2683 re'-

1982 2723 2115 2785 sert
2153 2722 2321 2797 Dio,
2378 2732 2445 2781 et
2472 2740 2758 2781 marmor
2795 2719 3064 2782 Gruteri
3108 2719 3197 2803 l’).
3248 2724 3328 2788 V.
3367 2723 3479 2784 dc-

1983 2846 2159 2887 mum
2196 2825 2281 2891 V.
2318 2822 2390 2885 C.
2423 2820 2543 2902 762
2571 2865 2589 2898 ,
2653 2840 2801 2882 cum
2848 2820 3032 2884 hello
3074 2822 3339 2905 Illyrico
3383 2823 3479 2886 in-

1983 2941 2202 2990 tentus
2237 2920 2515 2986 Arimini
2554 2921 2940 2986 subsisteret
2972 2926 3052 3003 c).

2107 3028 2380 3090 Priores
2443 3021 2608 3086 duos
2665 3045 2898 3088 numos
2941 3027 3469 3111 Havercampus,

1981 3131 2220 3217 aliique
2263 3127 2500 3212 passim
2551 3125 2633 3190 ad
2680 3148 2918 3190 annum
2954 3129 3037 3195 V.
3073 3128 3144 3190 C.
3191 3129 3321 3209 730
3371 3151 3477 3192 re-

1977 3246 2243 3309 vocant,
2286 3229 2588 3315 quoniam
2621 3250 2852 3292 eorum
2890 3228 3255 3314 epigraphe
3288 3251 3479 3312 prae-

1977 3338 2153 3402 clare
2185 3354 2331 3399 cum
2363 3333 2662 3417 periculo
2685 3330 3196 3409 Tarraconensi,
3229 3348 3301 3395 et
3331 3354 3477 3396 ver-

1978 3439 2078 3503 bis
2121 3438 2354 3501 Dionis
2396 3435 2747 3518 conspirat.
2809 3434 2960 3529 Quo
3014 3434 3225 3498 minus
3277 3436 3474 3499 etiam

1977 3554 2331 3626 sequentes
2390 3538 2586 3615 duos,
2673 3539 2798 3600 etsi
2858 3558 3006 3601 cum
3063 3550 3258 3621 typo,
3328 3545 3470 3600 tum

1975 3643 2405 3727 inscriptione
2454 3640 2869 3723 conspirent,
2930 3640 3166 3704 eodem
3217 3639 3470 3724 adigat',

1976 3746 2214 3809 terruit
2273 3738 2467 3807 Illvir
2526 3742 2882 3806 Mescinius
2938 3742 3017 3806 iis
3082 3743 3469 3827 inscriptus,

1970 3847 2116 3934 qui,
2178 3854 2250 3909 ut
2296 3866 2378 3908 ex
2426 3845 2639 3907 nuruis
2682 3858 2967 3921 constat,
3023 3866 3254 3907 munus
3300 3846 3466 3906 illud

1970 3951 2172 4013 obivit
2199 3969 2367 4010 anno
2392 3950 2468 4013 V.
2494 3948 2728 4033 (3.737.
2763 3949 2947 4030 Ergo
2975 3968 3089 4010 eos
3121 3948 3466 4010 occasione

1967 4054 2236 4117 alterius
2283 4050 2534 4112 reditus
2575 4051 2658 4116 V.
2694 4050 2767 4114 C.
2803 4050 2928 4129 735
2977 4050 3262 4131 signatos
3312 4070 3465 4112 con-

1965 4155 2195 4218 tendit.
2268 4150 2401 4214 Scd
2449 4150 2728 4213 necdum
2777 4152 2966 4233 plana
3014 4150 3268 4225 omnia,

1965 4258 2217 4320 reditus
2267 4252 2616 4335 contigerit
2656 4254 2740 4319 V.
2768 4254 2839 4315 C.
2883 4252 3044 4334 735,
3103 4253 3460 4321 Mescinius

3312 4171 3463 4214 cum

350 4360 429 4425 P.
467 4356 554 4451 Q.
591 4359 676 4422 R.
762 4356 1083 4418 Sacerdos
1138 4355 1396 4417 velatus
1447 4368 1638 4417 stans
1696 4368 1853 4418 ante
1956 4351 2180 4422 ‘Illvir‘i
2216 4376 2492 4420 munere
2527 4355 2787 4417 functus
2833 4354 2915 4416 sit
2969 4374 3138 4423 anno
3176 4355 3458 4438 primum

352 4482 548 4524 aram
579 4462 869 4545 ignitam
904 4458 968 4520 d.
997 4469 1317 4540 pateram,
1361 4456 1521 4519 hinc
1550 4459 1852 4519 victima·
1960 4464 2124 4544 737,
2184 4460 2568 4523 Illvirorum
2629 4478 2794 4522 vero
2851 4457 3278 4519 monetalium
3324 4479 3459 4521 mu-

352 4566 501 4626 tius
528 4574 800 4624 taurum
840 4561 1189 4622 adducens.
1225 4558 1371 4623 AV.
1404 4560 1601 4639 (Mus.
1631 4559 1848 4640 Caes.)
1964 4584 2122 4639 nus,
2184 4574 2261 4624 ut
2319 4560 2459 4644 ipse
2520 4560 2847 4643 intrepide
2911 4559 3151 4624 adserit
3191 4559 3290 4643 d),
3350 4583 3462 4622 sn-

478 4662 985 4745 Descriptorum
1008 4659 1114 4724 hic
1140 4679 1487 4723 numorum
1512 4673 1688 4724 aetas
1720 4682 1851 4724 am-

1959 4686 2164 4727 nuum
2207 4678 2456 4727 tantum
2499 4662 2718 4726 fuerit.
2777 4662 2871 4729 Vt
2915 4681 3079 4746 ergo
3125 4662 3290 4726 hanc
3335 4660 3455 4723 dis-

351 4782 3456 4824 -——-—-——-4———————————————-—-—-——-—-·-—---t-

422 4876 485 4944 a)
522 4866 785 4945 Pag.‘X1.
820 4887 876 4925 n.
894 4881 949 4932 2.
1100 4870 1171 4940 b)
1210 4889 1347 4948 pag.
1366 4868 1468 4932 XI.
1500 4889 1558 4928 n.
1586 4883 1631 4934 ι.

1784 4872 1845 4942 c>
1887 4869 2018 4929 Dio.

2170 4869 2238 4943 d)
2280 4869 2339 4926 in
2369 4867 2576 4926 famil.
2608 4867 2888 4927 Mescinia
2919 4888 2979 4946 p.
3001 4881 3124 4941 2ῖ9.

3356 640 3495 706 103
3619 732 3646 743 ..
