4509 5584
1006 544 1122 615 xa
1713 523 1721 541 '
2100 529 3074 621 rnanra‘rtt).

1020 762 1215 817 nem
1266 723 1491 843 (Pag.
1533 719 1721 834 14.).
1779 722 2091 808 Verum
2122 723 2281 808 Dio
2339 724 2586 840 longe
2644 722 2873 809 aliud
2912 725 3198 833 docet,
3243 736 3342 810 ut
3386 723 3760 813 dicem
3806 720 3898 813 in
3962 727 4141 842 ejus

1016 869 1274 956 Illviri
1314 864 1611 953 nuruis.
1667 862 1807 947 Ait
1821 930 1847 971 ,
1896 856 2123 977 (Pag.
2156 854 2336 969 65.)
2376 863 2822 950 Tiberium
2858 863 3138 951 statim
3177 878 3510 952 mortuo
3542 867 3918 980 Augusto
3969 860 4145 948 dic-

1009 999 1200 1095 tum
1233 1007 1491 1095 fuisse
1517 1024 1857 1122 patrem
1904 1010 2247 1119 patriae
2299 1003 2544 1119 quod·
2563 1004 2669 1087 ab
2719 1028 2820 1088 eo
2874 1004 3276 1119 scriptum
3326 1016 3561 1091 tanto
3607 1002 3872 1119 magis
3913 1001 4156 1088 lubet

1016 1148 1342 1254 mirari,
1412 1136 1587 1236 ‘non
1663 1147 1915 1234 modo
1999 1144 2227 1261 quod
2289 1154 2692 1228 auctores
2746 1171 3035 1229 omnes
3105 1143 3623 1260 conqzirant‘,
3667 1164 3745 1226 -a
3802 1139 4150 1226 Tiberio

1015 1285 1244 1371 hunc
1297 1285 1702 1373 honorem
1755 1298 2231 1372 constanter
2266 1282 2522 1369 fuisse
2565 1281 3154 1396 repudiatum-‚·
3199 1280 3348 1369 sed
3387 1282 3656 1369 etiam
3699 1277 3927 1395 quod
3970 1279 4150 1393 ipse

1010 1426 1342 1510 *nullum
1383 1423 2034 1541 repraesentavit
2075 1449 2430 1510 numum
2445 1436 2478 1530 ‚‘
2521 1423 2613 1505 in
2660 1449 2827 1534 quo
2887 1420 3282 1506 Tiberius
3331 1423 3417 1508 P.
3441 1423 3528 1506 P.
3563 1419 4145 1535 appellaretur.

1013 1564 1153 1648 Ait
1168 1632 1194 1670 ‚
1253 1558 1481 1679 (Pag.
1513 1558 1690 1671 64.)
1751 1560 2193 1648 Tiberium
2250 1560 2337 1647 V.
2369 1558 2460 1646 (3.
2511 1566 2567 1650 ’ἶ
2567 1554 2688 1663 69
2736 1559 3329 1672 imperatorem
3363 1556 3555 1645 Vm.
3605 1559 3736 1642 ab*
3777 1555 4152 1642 exercitu

1015 1701 1273 1786 fuisse
1312 1702 1763 1789 salutatum
1786 1770 1811 1811 ‚
1879 1714 1966 1786 et
2020 1713 2306 1785 tamen
2353 1722 2507 1813 per
2559 1697 2841 1812 plures
2879 1696 3276 1812 deinceps
3332 1697 3608 1781 adhuc
3655 1722 3920 1780 annos
3964 1720 4152 1808 pro·

818 1866 827 1873 ·
1015 1840 1179 1924 fert
1245 1840 1544 1925 nu'mos
1607 1840 2043 1953 inscriptos
2094 1836 2309 1923 IMP.
2340 1832 2490 1922 vn.
2553 1832 2731 1945 Ait,
2793 1827 3043 1951 (Peg.
3088 1826 3313 1941 151.)
3389 1836 3865 1950 Traianum
3926 1831 4015 1917 V.
4047 1832 4146 1918 C.

868 2046 875 2055 .
1014 1970 1197 2079 956
1259 1976 1482 2092 (lege
1518 1971 1753 2085 856.)
1821 1977 2140 2064 dictum
2193 1975 2451 2060 fuisse
2516 1972 2945 2058 Dacicum
2971 2044 2996 2085 ‚
3074 1989 3162 2062 et
3220 1984 3506 2059 tamen
3535 1968 3722 2091 'jam
3790 1969 3896 2053 ad
3938 1966 4028 2056 V.
4064 1960 4152 2056 C.

936 2156 953 2167 -
1013 2114 1191 2224 855
1217 2195 1221 2199 ,
1250 2114 1682 2229 descripsit
1741 2132 2041 2201 numos
2060 2184 2086 2224 ‚
2153 2112 2245 2198 in
2299 2112 2607 2227 quibus
2678 2112 2750 2196 is
2797 2112 3108 2199 dicitur
3163 2111 3404 2197 GER.
3446 2113 3686 2197 ΠΛΟ.
3753 2108 3968 2194 Nolo
4008 2134 4153 2193 cu-

1012 2254 1343 2343 mulare
1389 2254 1775 2368 exempla
1788 2320 1815 2365 ‚
1874 2260 2235 2368 quorum
2307 2251 2623 2369 justum
2684 2278 3131 2336 numerum
3180 2251 3270 2335 in
3329 2249 3868 2365 sequentibus
3925 2274 4155 2332 com-

882 2414 895 2429 ’
1014 2389 1447 2502 mentariis,
1478 2391 1870 2477 dabimus
1889 2459 1915 2500 ,
1973 2404 2225 2507 atque
2281 2377 2507 2476 istud
2563 2388 2669 2473 ad
2718 2387 3123 2485 hactenus
3175 2389 3396 2475 dicta
3446 2369 3862 2473 addidisse
3902 2377 4154 2471 ’suffi-

1016 2529 1186 2614 ciat
1208 2597 1234 2638 ,
1323 2529 1797 2645 catalogum
1873 2528 2146 2638 hunc,
2226 2542 2326 2614 ut
2365 2534 2442 2611 ‘a
2497 2526 3048 2613 Medioharbo
3120 2528 3508 2642 vulgatus
3586 2538 3901 2635 exstat,
3985 2554 4157 2611 non

1016 2665 1266 2753 modo
1315 2665 1550 2776 illos,
1536 2680 1541 2687 ’
1616 2668 1765 2781 qui
1794 2666 1923 2753 uti
1970 2667 2307 2775 volunt,
2361 2665 2453 2751 in
2487 2663 2672 2750 avia
2723 2664 3076 2775 ducere,
3128 2664 3274 2750 sed
3325 2678 3411 2750 et
3453 2690 3957 2780 magnopere
4000 2664 4159 2768 im-

1008 2805 1319 2923 pedire.
1397 2804 1653 2916 Quod
1698 2806 1772 2890 si
1829 2806 2132 2921 Pagim
2194 2805 2288 2890 in
2337 2828 2499 2887 sua
2552 2802 2887 2888 Bal-onii
2947 2734 3252 2889 Critica
3306 2830 3476 2888 non
3539 2830 3732 2890 raro
3814 2802 4156 2918 quaevis

931 2988 939 2998 ·
1018 2944 1182 3027 alia
1225 2954 1766 3029 monumenta
1806 2966 2261 3028 numorum
2308 2940 2782 3039 auctoritati
2818 2942 3354 3027 anteferenda
3351 2941 3770 3057 putavit,
3787 2941 3896 3025 ad
3927 2937 4153 3024 istud

1018 3108 1110 3166 se
1142 3080 1548 3197 judicium
1583 3081 2076 3168 necessitate
2103 3079 2650 3239 ‘compulsum
2680 3077 2935 3189 vidit,
2990 3081 3185 3195 quia
3232 3050 3434 3167 alios
3477 3108 3777 3166 numos
3825 3076 3917 3163 in
3953 3104 4155 3165 cou-

1019 3217 1297 3303 silium
1328 3242 1503 3302 non
1552 3216 1979 3328 adhibuit,
2024 3208 2201 3303 nisi
2242 3244 2450 3374 quos
2494 3217 2601 3301 ab
2643 3148 3017 3328 Oecon’e,
3075 3228 3164 3305 et
3195 3218 3744 3304 Mediobarbo
3790 3216 4152 3329 descrip-

1014 3368 1149 3441 ‘tes
1180 3353 1523 3493 reperit.
1590 3333 1848 3468 Atqui
1901 3356 2185 3442 testari
2257 3355 2436 3470 ipse
2485 3380 2869 3468 possum,
2945 3380 3117 3471 quo
3182 3367 3560 3470 tempore
3609 3355 3716 3441 ad
3764 3353 4152 3442 ordinan-

1022 3494 1215 3598 dos,
1282 3484 1980 3607 explicandosque
2017 3496 2588 3608 Augustorum
2627 3518 2928 3580 numos
2977 3492 3332 3604 accessi,
3350 3522 3583 3578 cum
3632 3492 3931 3579 eodem
3967 3492 4151 3578 Me-

1016 3628 1404 3714 diobarbi
1467 3624 1846 3744 catalogo
1891 3630 2264 3717 nondum
2328 3629 2525 3715 satis
2584 3633 3008 3744 explorata
3071 3634 3255 3746 ejus
3308 3645 3601 3716 natura
3661 3631 3792 3716 uti
3840 3630 4153 3744 incipe-

1012 3794 1203 3854 rem
1220 3836 1246 3877 ,
1286 3768 1516 3853 sensi
1553 3797 1695 3852 me
1727 3768 2043 3884 laqueis
2077 3766 2452 3883 undique
2479 3769 2899 3854 irretitum
2916 3838 2940 3878 ,
2997 3796 3107 3852 ex
3158 3770 3459 3884 quibus
3517 3798 3656 3853 me
3709 3782 3954 3855 antea
4008 3795 4157 3852 ex·
4259 3846 4284 3860 ,

1012 3904 1313 4063 pedire
1384 3935 1555 3991 non
1626 3905 1866 4020 potui
1894 3970 1921 4016 ,
2015 3934 2273 4022 quam
2349 3936 2505 4021 ego
2570 3904 2893 3990 fallacia
2963 3936 3064 3992 ea
3129 3906 3604 3993 testimonia
3663 3920 4149 4022 aspernatus

1024 4043 1276 4131 unius
1310 4044 1582 4149 musei
1621 4045 2006 4175 Caesarei
2039 4073 2369 4152 numos,
2409 4044 2807 4158 aliosque,
2868 4073 3075 4162 quos
3119 4070 3171 4128 a
3205 4046 3405 4131 viris
3441 4047 3632 4132 fide
3655 4045 3921 4162 dignis
3968 4044 4157 4133 vul-

1027 4195 1260 4297 gatos
1324 4191 1719 4268 noveram
1735 4246 1765 4292 ‚
1814 4182 2353 4298 sequendoS‚
2431 4182 3058 4298 audiendosque
3109 4183 3330 4270 duxi.
3407 4182 3634 4300 Ergo
3673 4185 4151 4298 quicunque

1006 4304 1566 4433 explicandae
1612 4302 1996 4406 monetae
2026 4324 2503 4439 Augusteae
2543 4319 2778 4407 dabit
2819 4348 3175 4436 operam
3176 4385 3204 4430 ‚
3259 4335 3614 4409 tantum
3645 4321 3956 4439 jubebo
3999 4320 4152 4404 dis-

1016 4458 1289 4543 ‘fidere
1346 4446 1890 4544 Mediobarbo
1912 4521 1940 4566 ‚
2008 4469 2418 4617 quantum
2461 4457 2841 4566 Goltzioa,
2902 4487 3102 4547 cum
3149 4462 3366 4547 inter
3425 4475 3880 4619 utrumque
3926 4459 4154 4545 aliud

1033 4595 1477 4682 discrimen
1508 4589 1678 4682 non
1713 4596 2152 4711 reperiam,
2209 4594 2370 4679 nisi
2412 4594 2637 4708 quod
2656 4596 3249 4685 Mediobarbus
3285 4598 3641 4685 nimium
3684 4628 3934 4714 saepe
3977 4624 4156 4684 cra

1034 4734 1277 4820 dulus
1299 4799 1324 4844 ‚
1400 4762 1648 4850 saepe
1697 4732 1954 4820 etiam
2007 4733 2306 4869 minus
2339 4742 2751 4841 attentus,
2810 4735 3030 4821 bona
3086 4749 3368 4822 tamen
3415 4736 3584 4823 fide
3643 4766 3944 4824 numos
4009 4753 4159 4823 aut
