4509 5584
1597 535 2125 660 MATml'A„

426 758 665 834 Alius,
699 754 950 818 similis
968 754 1120 818 sed:
1152 753 1552 817 MATIDIA.
1580 752 1786 823 AVG.

297 870 367 922 et
396 857 589 924 COS.
624 857 742 925 VI.
769 856 910 922 AR.
945 858 1144 938 (Mus.
1175 854 1390 937 Caes.)

312 999 327 1010 ·
422 961 682 1024 Horum
714 979 1064 1022 numerum
1095 956 1598 1043 explicationem
1633 968 1790 1041 pete

295 1082 383 1126 ex
433 1061 662 1146 primis
715 1062 1084 1125 Marcianae
1132 1060 1377 1138 numis‚
1433 1071 1504 1122 et
1553 1057 1788 1134 exiis,

293 1181 461 1244 quae
499 1181 696 1244 supra
732 1160 817 1224 de
845 1161 1114 1224 Matidia
1145 1172 1368 1226 nostra
1401 1160 1701 1223 diximus.

574 1263 1034 1325 MATIDIAE.
1066 1262 1269 1330 AVG.
1317 1263 1533 1338 Huius
1560 1271 1779 1343 caput.

289 1363 770 1431 PLOTINAE.
793 1364 993 1432 AVG.
1032 1366 1248 1446 Caput
1275 1366 1605 1429 Plotinae.
1637 1362 1780 1427 AV.

292 1466 493 1546 (Mus.
523 1465 741 1545 Caes.)

416 1566 582 1629 Erat
622 1565 922 1631 Plotinae
976 1555 1194 1650 gra'vis
1244 1563 1411 1628 ratio
1445 1562 1779 1626 Matidiam

238 1695 251 1704 ·
290 1664 703 1731 observandi.
804 1663 1050 1729 Effecit
1104 1665 1218 1728 illa
1296 1665 1542 1728 artibus
1613 1664 1779 1740 suis,

285 1781 364 1831 ut
387 1767 788 1845 Hadrianus,
849 1787 1043 1852 quem
1087 1767 1443 1849 impensius
1494 1763 1777 1840 amabat,

287 1868 482 1950 hujus
533 1868 709 1933 filiae
740 1866 1016 1934 Sabinae
1056 1868 1374 1941 nuberet,
1437 1887 1567 1949 quo
1600 1864 1778 1928 facto

284 1951 481 2036 viani.
506 1970 755 2036 'amasio
802 1990 954 2046 suo,
1017 1969 1129 2054 qui
1175 1967 1341 2032 adeo
1381 1987 1506 2048 per
1554 1966 1778 2051 Traja-

286 2073 360 2134 ni
409 2087 800 2156 proneptem
832 2069 1193 2133 Caesareae
1243 2069 1466 2132 domui
1512 2069 1777 2149 conjun-

288 2187 435 2237 ctus
493 2174 641 2247 fnit,
720 2170 802 2236 ad
858 2171 1274 2253 adoptionem
1338 2170 1585 2234 stravit.
1672 2171 1778 2229 En

286 2276 708 2360 praecipuam
780 2292 1034 2335 causam
1108 2289 1349 2345 nexus,
1426 2270 1538 2354 qui
1605 2271 1781 2360 inter

285 2387 634 2459 utramque
676 2374 988 2437 feminam
1021 2372 1433 2450 intercessit,
1486 2384 1556 2435 et
1583 2393 1781 2455 quem

286 2497 605 2562 praesens
670 2495 902 2538 numus
974 2474 1334 2537 confirmat.
1418 2475 1781 2556 Vtramque

289 2581 489 2642 etiam
563 2578 972 2661 conjunctam
1045 2575 1215 2639 infra
1284 2574 1356 2635 -in
1432 2574 1782 2656 M-ytilenes

286 2699 491 2745 nume
533 2677 957 2742 intuebimur.
1620 2689 1657 2714 ⁸

460 2807 475 2812 -
569 2765 1783 2847 MAT1D1A.AVG.D1VAE.1AR-

573 2879 918 2945 CIANAE.
952 2880 1029 2941 F.
1075 2879 1294 2956 Hujus
1329 2888 1549 2959 caput.

287 2979 628 3048 PIETAS.
668 2980 1052 3052 AVGVST.
1108 2978 1366 3041 Mulier
1386 2991 1575 3041 stans
1605 2980 1784 3039 inter

285 3089 458 3149 duos
473 3085 788 3167 irffantes.
816 3082 960 3151 AV.
983 3081 1122 3144 AR.
1150 3077 1309 3141 item
1327 3077 1465 3139 ΑΕ.
1485 3079 1537 3142 Ῑ.
1560 3074 1780 3139 addito

289 3189 357 3249 S.
397 3186 472 3249 C.
513 3185 713 3266 (Sunt
743 3201 971 3249 omnes
1003 3183 1074 3243 in
1116 3198 1345 3242 museo
1391 3177 1770 3259 Caesareo.)

579 3287 830 3349 Eadem
869 3285 1171 3346 adverso.
1590 3355 1594 3360 υ

287 3387 630 3452 PIETAS.
677 3389 752 3449 ἰη
789 3386 963 3448 alio:
1015 3377 1360 3442 PIETAS.
1396 3375 1780 3446 AVGVST.

292 3491 553 3553 Mulier
607 3500 801 3550 stans
846 3498 1126 3561 utraque
1193 3500 1396 3540 manu
1454 3481 1782 3564 infantem

282 3603 535 3675 gestat.
575 3587 718 3653 AB.
756 3583 984 3667 (vain.
1018 3580 1238 3645 libell.
1267 3579 1527 3678 Suppl.)

416 3690 674 3752 Horum
726 3703 1075 3751 numerum
1134 3679 1640 3778 explicationem
1697 3698 1782 3745 ex

286 3793 660 3858 Marcianae
683 3789 897 3854 numia
936 3803 1219 3852 arcesse.

569 3893 825 3957 Eadem
868 3892 1164 3953 adversa.
1400 3950 1412 3962 ‚

283 3993 626 4062 PIETAS.
657 3986 865 4060 AVG.
919 3989 1177 4053 Mulier
1211 3988 1301 4050 ad
1326 3986 1648 4066 tripodem
1677 4004 1781 4045 sa·

282 4094 618 4180 crfficans.
693 4094 836 4163 AV.
884 4093 1026 4157 AR.
1085 4088 1312 4173 (Vaill.
1348 4084 1570 4152 mian.
1610 4082 1782 4146 Sub·

282 4195 521 4282 plem.)

670 4379 900 4444 Diva
985 4349 1384 4439 Matidia.

419 4498 755 4565 Matidiam
822 4495 1025 4562 fnisse
1076 4504 1570 4578 comantem,
1654 4487 1783 4555 soli

238 4788 249 4797 ⁶
366 4815 429 4884 a)
468 4811 538 4871 Iu
567 4810 749 4868 Hadr.
900 4806 967 4877 b)
1009 4803 1261 4862 miscell.
1298 4825 1356 4880 p.
1381 4816 1466 4869 55.

3261 611 3401 681 2171

1904 753 2052 816 fere
2099 752 2281 816 numi
2326 752 2601 833 docent,
2667 776 2703 819 a
2747 777 2904 842 quo,
2959 773 3273 846 quatenus
3317 766 3403 827 iri

1903 867 2142 939 potest,
2170 854 2631 941 indagandum.
2656 858 3043 926 Vaillantins
3064 884 3156 927 ex
3181 866 3402 931 verbis

1906 957 2232 1040 Spartiani
2273 959 2363 1040 ·)3
2435 957 2804 1025 Hadrianus
2835 968 3064 1026 socrui
3093 986 3258 1029 suae
3288 969 3405 1030 ho·

1906 1079 2100 1121 nores
2135 1064 2533 1143 praecipuos
2564 1065 2889 1147 impendit
2923 1065 3110 1130 ludis
3138 1067 3409 1148 gladia·

1898 1162 2130 1235 toriis,
2194 1165 2563 1242 ceterisque
2606 1162 2891 1247 officiis,
2949 1165 3201 1250 arguit,
3260 1187 3406 1230 eam

1895 1256 1976 1323 ab
2024 1257 2362 1323 Hadriane
2433 1264 2628 1326 divae
2702 1264 2991 1327 honores
3068 1259 3396 1351 adeptam.

1896 1359 2013 1421 Sin
2033 1360 2241 1436 istud,
2287 1360 2529 1439 credo,
2576 1363 3024 1446 spartianum,
3068 1368 3246 1452 quod
3294 1392 3399 1433 su·

1893 1479 2229 1544 premam,
2305 1482 2380 1525 ac
2453 1483 2774 1526 summum
2851 1480 2997 1530 erat
3067 1468 3394 1548 officium,

1873 1582 2298 1657 ⁸nequaquam
2351 1562 2554 1626 fuisse
2626 1564 3202 1634 dissimulaturum.
3309 1573 3401 1634 At

1893 1664 2070 1750 enim
2106 1663 2307 1727 video
2341 1662 2410 1722 in
2445 1683 2773 1732 marmore
2806 1671 3392 1749 Minturnensium,

1891 1761 2069 1848 quod
2117 1785 2312 1850 supra
2362 1762 2669 1847 recitavi,
2729 1770 3037 1857 quodque
3070 1774 3392 1838 Antonini

1889 1862 1995 1926 Pii
2043 1878 2254 1929 aetate
2302 1866 2610 1932 Matidiae
2650 1869 2927 1953 junioris
2980 1872 3220 1939 honori
3280 1895 3399 1960 po·

1891 1967 2083 2030 situm
2138 1966 2274 2029 fuit
2325 1988 2459 2031 nou
2500 1968 2665 2034 dicit
2745 1965 3208 2040 Mammam.
3264 1978 3391 2040 Dl-

1890 2067 2094 2134 VAE.
2130 2067 2334 2135 AVG.
2375 2069 2576 2144 Fun,
2639 2073 2760 2135 sed
2805 2087 3096 2137 tantumt
3142 2078 3394 2140 MATI-

1891 2169 2129 2231 DlAE.
2205 2169 2408 2234 AVG.
2459 2172 2628 2235 Flt..
2732 2174 2953 2265 Quare
3019 2177 3076 2237 si
3137 2191 3395 2240 mortua

1891 2268 2022 2352 jam
2073 2282 2239 2348 tum,
2319 2285 2388 2333 et
2442 2289 2819 2339 consecrata
2875 2276 3110 2340 fuisset
3172 2280 3399 2342 senior

1897 2357 2199 2447 Matidia,
2266 2385 2394 2434 tam
2448 2395 2680 2456 parum
2728 2376 3004 2440 omissus
3047 2378 3283 2443 fuisset
3326 2379 3400 2441 in

1850 2472 2020 2537 'hac
2096 2472 2320 2536 titulus
2381 2475 2696 2553 -DIVAE,
2759 2500 2951 2562 quam
3015 2502 3247 2563 parum
3324 2482 3399 2542 iu

1898 2571 2138 2636 eodem
2196 2563 2524 2638 marmore
2570 2575 2848 2641 omissus
2890 2580 3013 2641 fuit
3053 2580 3233 2662 juxta
3281 2601 3398 2644 ne-

1898 2674 2072 2736 mina
2100 2674 2472 2738 Mucianae
2500 2671 2764 2754 matris,
2783 2691 2852 2740 et
2873 2671 3158 2752 Sabinae
3194 2681 3392 2745 filiae.

1898 2772 2182 2839 Videtur
2226 2794 2394 2859 ergo
2428 2775 2761 2860 protracta
2797 2778 2873 2838 in
2916 2779 3120 2840 Lxx.
3161 2783 3397 2845 saltem

1896 2863 2099 2938 annos
2138 2887 2351 2939 aetate
2392 2876 2520 2940 sub
2575 2876 2909 2942 Antonino
2968 2894 3258 2959 mortua,
3325 2897 3399 2946 et

1894 2975 1977 3039 ab
2011 2975 2142 3040 hoc
2181 2976 2361 3041 inter
2393 2976 2572 3044 divas
2616 2978 2844 3048 relata.
2932 2981 3186 3048 Verum
3225 3004 3393 3068 quae

1893 3076 2004 3140 hic
2041 3076 2338 3161 disputo,
2399 3091 2536 3143 tum
2582 3079 2797 3145 solum
2827 3079 3169 3159 valebunt,
3235 3104 3393 3148 cum

1898 3176 2043 3262 quis
2075 3178 2390 3244 Hadriani
2419 3202 2724 3259 numum,
2757 3200 2955 3267 quem
2987 3205 3141 3248 mox
3167 3204 3396 3249 secun·

1897 3278 1986 3345 do
2028 3279 2181 3345 loco
2224 3280 2598 3364 subjiciam,
2661 3296 2732 3346 et
2787 3283 2897 3368 qui
2948 3300 3394 3349 consecratam

1897 3380 2141 3443 abhoc
2174 3382 2506 3446 Matidiam
2544 3383 2962 3456 testificatur,
2999 3386 3176 3450 inter
3208 3385 3391 3451 adnl-

1895 3479 2146 3544 terinos
2180 3483 2362 3547 volet
2392 3484 2730 3570 ablegare.

2179 3584 2420 3652 DlVA.
2483 3584 2930 3657 AVGVSTA.
2988 3587 3389 3655 MATIDIA.

2182 3687 2403 3763 Hujus
2446 3701 2670 3771 caput.

1898 3781 2515 3874 CONSECRATO.
2598 3790 2869 3869 Aquila
2937 3802 3146 3854 stans.
3213 3793 3391 3859 ·AV.

1897 3885 2097 3964 (Mus.
2131 3886 2355 3969 Caes.)
2641 3955 2648 3962 ,

2022 3987 2128 4047 En
2172 3987 2614 4054 certissimum
2655 4009 2739 4052 ex
2783 3993 2986 4054 aureo
3030 3992 3157 4057 hoc
3192 4012 3391 4056 numo

1893 4086 2200 4149 Matidiae
2244 4102 2664 4152 consecratae
2703 4090 3170 4158 testimoninm.
3254 4093 3391 4157 Sed

1894 4180 2037 4268 ejus
2058 4171 2456 4250 ‘memoriam
2492 4192 2904 4258 conservavit
2937 4191 3131 4262 etiam
3175 4194 3389 4277 plum-

1891 4285 2070 4351 bum.
2155 4288 2324 4351 Nam
2380 4287 2538 4352 tubo
2591 4289 2785 4374 hujus
2837 4291 3088 4357 metalli
3131 4296 3386 4360 Romae

1894 4401 2165 4473 reperto
2201 4389 2483 4473 Sponius
2519 4388 2903 4478 inscriptum
2939 4393 3134 4477 legit:
3167 4396 3387 4457 TEM-

1906 4488 2107 4553 PLO.
2135 4491 2579 4555 MATIDIAE
2609 4488 2695 4575 ¹³).
