4509 5584
1382 509 1785 631 tvmv's
1850 552 2343 628 CAESAR.
3105 640 3108 645 ¹
3185 522 3188 525 ’
3277 512 3278 515 Ὺ
3353 583 3408 644 .3

301 741 437 804 set,
475 744 606 813 quo
653 738 869 792 tamen
897 744 970 790 se
1007 743 1279 790 munere
1322 737 1473 808 post
1509 724 1663 788 dies
1691 724 1805 791 XI.

302 830 562 896 abdicat
591 830 676 911 ⁸).

432 934 518 1003 V.
555 932 633 998 C.
660 929 789 1014 706
822 929 903 992 A.
929 930 1008 992 X.
1049 928 1155 1006 48.
1191 928 1430 991 consul
1458 926 1551 988 II.
1592 927 1807 989 conle-

293 1056 397 1117 ga
448 1038 524 1099 P.
564 1033 856 1097 Servilio
906 1034 1117 1095 Vatia
1161 1030 1463 1092 Isaurico
1518 1027 1599 1092 ad
1638 1030 1806 1111 Dyr-

295 1135 651 1200 rhachium
680 1133 890 1200 victus
924 1132 1210 1216 primum
1230 1175 1247 1207 ‚
1299 1150 1453 1193 mox
1488 1129 1568 1193 ad
1603 1129 1808 1192 Phar-

298 1239 517 1301 salum
561 1233 943 1297 Thessaliae
978 1232 1281 1298 adversas
1319 1245 1538 1316 partes
1589 1233 1812 1296 atterit

296 1340 382 1406 V.
420 1339 566 1402 idus
607 1339 826 1413 Sext„
886 1333 998 1418 qui
1032 1333 1173 1398 dies
1211 1334 1279 1396 in
1322 1354 1491 1397 anno
1543 1335 1810 1417 prolep*

296 1439 437 1504 tico
468 1439 720 1504 Iuliano
748 1435 925 1502 cadit
955 1435 1023 1497 in
1049 1455 1345 1499 mensem
1379 1433 1652 1496 Iunium.
1696 1434 1809 1502 Vi·

297 1542 386 1607 de
426 1541 601 1606 dicta
640 1539 725 1603 ad
750 1560 971 1604 aeram
1016 1537 1467 1601 Caesarianam
1502 1537 1656 1605 Vol.
1691 1536 1806 1603 IV.

298 1666 370 1729 p.
394 1653 545 1721 400.
575 1643 675 1705 Ea
700 1639 978 1708 victoria
1008 1622 1260 1702 Romae
1294 1637 1505 1711 audita
1545 1652 1807 1701 creatur

300 1745 585 1810 dictator
628 1744 701 1806 in
744 1742 1076 1826 integrum
1120 1763 1391 1819 annum,
1442 1742 1555 1825 qui
1595 1741 1805 1803 honos

298 1848 583 1932 singulis
654 1845 968 1929 deinceps
1036 1842 1219 1906 annis
1279 1855 1380 1906 est
1432 1855 1803 1905 renovatus.

300 1950 634 2013 Continuo
670 1946 1036 2029 fugientem
1074 1945 1465 2030 Pompeium
1499 1963 1807 2028 perseeu-

300 2068 407 2115 tus
446 2052 517 2112 in
553 2050 859 2133 Aegypto
905 2067 1168 2111 caesum
1220 2046 1474 2128 reperit
1498 2091 1517 2123 ‚
1581 2044 1803 2129 ibique

300 2151 638 2217 amoribus
726 2149 1129 2233 Cleopatrae·
1176 2149 1471 2213 irretitus
1526 2160 1807 2208 temera-

298 2257 479 2319 rium
530 2275 659 2340 pre
705 2252 941 2316 amasia
1002 2253 1303 2335 Aegypto
1364 2248 1803 2335 praeficienda

298 2359 559 2423 bellum
612 2377 759 2421 eum
810 2354 950 2436 ejus
1002 2351 1207 2417 fratre
1243 2353 1626 2418 Ptolemaeo
1667 2372 1805 2414 sus-

302 2463 365 2525 ci
414 2462 488 2524 it.

368 2484 412 2546 P
433 2564 514 2631 V.
550 2561 626 2623 C.
652 2579 784 2642 707
815 2560 895 2622 A.
924 2558 1005 2618 X.
1036 2564 1143 2638 47.
1187 2556 1267 2638 Q.
1297 2554 1483 2640 Fufio
1527 2556 1810 2637 Calenv,

305 2668 385 2727 P.
435 2664 716 2726 Vatinio
765 2680 897 2724 cos.
966 2657 1425 2721 Alexandriam
1482 2659 1654 2743 capit
1699 2659 1806 2722 die

302 2765 573 2831 xxvn.
621 2763 839 2826 Martii
868 2760 956 2844 b).
1028 2762 1236 2823 Caeso
1267 2761 1652 2825 Ptolemaeo
1691 2761 1808 2823 hu·

304 2866 406 2945 ius
455 2865 675 2927 sorori
714 2866 1099 2946 Cleopatrae
1142 2864 1511 2945 Aegyptum
1557 2863 1803 2927 tribuit.

304 2966 589 3028 Militem
648 2978 874 3027 contra
925 2964 1329 3026 Pharnacem
1379 2965 1659 3047 Bospori
1702 2985 1808 3027 re-

306 3088 461 3153 gem
505 3062 717 3149 rapit,¹
746 3086 1025 3151 eumque
1063 3064 1146 3128 ad
1181 3065 1429 3128 Zielam
1473 3064 1807 3148 Cappado-

303 3169 449 3233 ciae
493 3167 699 3232 vincit
743 3167 850 3229 die
875 3171 976 3255 111.
1026 3167 1235 3230 Sextii
1268 3177 1347 3243 c).
1375 3169 1707 3232 Reversus
1739 3167 1805 3228 in

302 3270 543 3331 urbem
580 3267 961 3352 compositi-s
983 3262 1050 3329 in
1098 3269 1221 3332 hac
1263 3267 1472 3331 turbis
1525 3270 1807 3352 accingit

303 3395 377 3435 se
418 3371 502 3435 ad
548 3372 800 3434 bellum
837 3371 1216 3435 Africanum
1249 3393 1282 3433 a
1320 3370 1616 3433 Pharsali
1653 3372 1808 3434 reli-

304 3473 519 3559 quiis,
551 3474 673 3537 sed
708 3494 832 3556 per
861 3474 1059 3537 Iubae
1095 3471 1436 3536 Numidiae
1480 3473 1659 3557 regis
1704 3494 1808 3536 ac·

303 3573 677 3640 cessionem
713 3574 1083 3639 metuendis
1114 3573 1461 3638 conflatum
1484 3620 1501 3652 ‚
1537 3587 1604 3638 et
1633 3574 1807 3638 circa

302 3666 659 3742 solstitium
722 3677 1065 3753 brumale,
1124 3675 1243 3739 sed
1308 3689 1457 3739 ante
1523 3676 1687 3752 hoe,
1739 3678 1806 3740 in

304 3781 604 3845 Atticam
649 3778 892 3862 trajicit
921 3777 1009 3861 d).

388 3876 393 3883 ’
436 3884 520 3949 V.
552 3874 627 3947 C.
664 3883 792 3964 708
836 3882 915 3945 A.
948 3881 1030 3945 X.
1066 3884 1169 3956 46.
1209 3883 1446 3943 consul
1488 3881 1623 3946 III.
1656 3900 1807 3942 con·

300 3989 462 4067 lega
508 3986 611 4047 M.
653 3983 959 4046 Aemillo
998 3984 1244 4063 Lepido
1284 3983 1680 4066 Scipionem,
1706 3984 1806 4043 Iu·

302 4091 494 4161 bam,
525 4085 869 4149 Petreium
902 4083 981 4143 ad
1012 4083 1343 4168 Thapsum
1373 4084 1636 4148 Africae
1667 4083 1806 4145 vin·

303 4190 398 4253 cit
453 4189 628 4255 Vm.
678 4186 747 4246 id
798 4184 989 4268 April
1037 4187 1119 4267 e).
1195 4186 1530 4258 Reversus
1585 4185 1651 4248 in
1700 4206 1805 4247 ur-

302 4291 465 4353 bem
521 4287 877 4370 triumphat
931 4301 1208 4371 quatuor
1263 4288 1493 4352 diebus
1550 4300 1805 4372 quater-

379 4623 446 4690 a)
494 4619 723 4675 Caesar
746 4615 821 4673 de
850 4615 997 4676 Bell.
1030 4616 1142 4673 civ.

1325 4617 1398 4690 b)
1429 4617 1558 4677 Kal'.
1591 4635 1794 4673 marm.
1822 4617 2041 4674 Maffei.

1920 724 2021 786 nis
2059 720 2407 806 triumphis
2445 721 2528 787 de
2571 724 2813 804 Gallis,
2845 728 3189 811 Aegypto,
3221 726 3422 792 Phar·

1918 820 2120 904 nuce,
2170 825 2366 890 ⁷Iuba.
2447 826 2781 891 Cor-rectis
2845 830 2998 891 anni
3054 829 3415 895 rationibus

1916 928 2170 991 bellum
2236 926 2670 1011 Hispaniense
2733 927 3042 994 adversus
3114 933 3418 1017 Pompeii

1917 1032 2013 1095 M.
2077 1029 2327 1092 liberos
2387 1037 2704 1114 ‘apparat,
2767 1030 2967 1115 idque
3030 1030 3149 1096 sub
3216 1035 3424 1119 ipsam

1921 1132 2226 1216 hyemem
2246 1181 2261 1198 .
2281 1130 2471 1216 gerit.

2051 1234 2131 1301 V.
2177 1234 2250 1298 C.
2291 1253 2417 1314 7⁰9
2449 1233 2527 1296 A.
2563 1233 2646 1295 X.
2688 1236 2792 1311 45.
2847 1239 3087 1300 consul
3123 1239 3247 1316 JV,
3280 1243 3425 1302 sine

1922 1336 2197 1417 conlega
2249 1334 2473 1397 hostes
2533 1335 2706 1398 veris
2753 1349 3096 1421 tempore,
3151 1351 3219 1401 et
3265 1339 3423 1422 ipsis

1924 1437 2188 1521 quidem
2242 1435 2655 1498 Liberalibus
2702 1437 2871 1522 apud
2936 1439 3245 1505 Mundam
3303 1440 3422 1502 dif-

1920 1537 2081 1601 ficili
2115 1540 2327 1600 Marte
2385 1552 2648 1622 superat
2689 1537 2780 1621 1),
2814 1539 3126 1606 victoriae
3179 1544 3422 1605 nuncio

1862 1682 1869 1687 ,
1919 1639 2135 1725 pridie
2182 1637 2502 1703 Parilium
2567 1642 2841 1704 Romam
2893 1644 3150 1727 perlato
3181 1645 3265 1727 g).
3297 1646 3426 1707 Re·

1919 1764 2150 1808 versus
2203 1742 2286 1803 de
2324 1741 2512 1805 vietis
2560 1742 2848 1821 civibus,
2888 1744 3063 1829 quod
3095 1766 3423 1831 nunquam

1920 1858 2145 1921 antea,
2179 1844 2555 1927 triumphat.
2616 1843 2960 1909 Ostentata
3011 1847 3206 1931 regni
3248 1849 3426 1932 cupi-

1921 1945 2157 2022 ditate,
2204 1958 2274 2007 et
2316 1944 2611 2008 admissis
2657 1946 3018 2011 honoribus
3075 1951 3421 2033 plusquam

1921 2048 2266 2113 mortalem
2325 2049 2633 2125 deceret,
2674 2050 2964 2113 omnium
3011 2049 3323 2116 invidiam
3357 2065 3428 2115 et

1924 2149 2146 2213 odium
2214 2149 2509 2212 incurrit.

2045 2253 2127 2320 V.
2155 2252 2224 2313 C.
2250 2271 2377 2333 7¹⁰
2413 2253 2492 2314 A.
2507 2251 2589 2319 X.
2625 2260 2734 2327 44.
2768 2252 3003 2324 consul
3032 2255 3114 2316 V.
3144 2253 3423 2334 conlega

1918 2353 2023 2417 M.
2060 2354 2367 2415 Antonio
2397 2352 2647 2416 bellum
2674 2355 2742 2414 in
2776 2349 2993 2431 Getas,
3042 2365 3110 2415 et
3140 2353 3419 2415 Parthos

1922 2452 2242 2517 meditans
2292 2451 2448 2515 idib.
2486 2453 2737 2517 Martiis
2792 2454 2860 2516 in
2913 2467 3141 2517 senatu
3184 2454 3422 2519 xxm.

1921 2556 2302 2622 vulneribus
2330 2558 2539 2618 Bruto
2578 2569 2646 2619 et
2685 2557 2907 2622 Cassio
2961 2555 3424 2639 conjurationis

1922 2657 2293 2721 auctoribus
2360 2656 2723 2724 conficitur.

2046 2760 2170 2827 Vir
2219 2758 2301 2822 ad
2346 2780 2573 2822 omnes
2606 2760 2780 2843 pacis
2835 2758 3131 2845 bellique
3206 2776 3421 2839 artes,

1922 2862 1975 2924 si
2018 2861 2162 2945 quis
2230 2861 2429 2938 alius,
2492 2861 2575 2924 ad
2631 2861 3015 2924 miraculum
3081 2863 3419 2935 excultus,

1921 2964 2026 3026 cui
2085 2983 2280 3046 quem
2324 2961 2630 3046 preferre
2694 2976 2954 3047 posset,
3030 2983 3163 3025 non
3223 2963 3424 3027 habet
3537 2952 3541 2959 ’

1921 3065 2283 3149 antiquitas.
2370 3063 2710 3146 Ingenium
2779 3051 2970 3139 acre.
3048 3065 3419 3148 eloquentia

1923 3185 2071 3239 cum
2126 3164 2374 3240 nativa,
2420 3178 2558 3227 tum
2616 3165 2954 3228 literarum
3024 3166 3255 3230 studiis
3313 3188 3422 3230 ex·

1921 3267 2154 3351 polita,
2196 3268 2446 3330 animus
2489 3279 2621 3330 tam
2670 3267 2750 3330 ad
2782 3266 3152 3330 audendum
3199 3290 3423 3352 prom-

1919 3384 2108 3456 ptus,
2152 3391 2343 3456 quam
2388 3370 2456 3431 in
2505 3368 2797 3435 adversis
2847 3391 3160 3454 praesens
3207 3385 3275 3434 ct
3321 3373 3419 3433 in·

1918 3471 2250 3556 trepidus,
2284 3472 2595 3558 sagacitas
2634 3492 2880 3536 summa
2917 3471 2984 3533 in
3031 3473 3420 3556 praeviden-

1922 3572 2009 3635 do
2080 3594 2287 3658 aeque
2351 3596 2430 3638 ac
2501 3571 2925 3656 explicando,
3003 3594 3150 3636 eum
3222 3577 3420 3640 maxi-

1922 3695 2027 3737 me
2104 3676 2492 3739 constrictus
2559 3690 2946 3755 teneretur,
2988 3668 3110 3761 par
3170 3677 3252 3741 ad
3312 3698 3419 3761 ag-

1890 3768 2358 3860 'grediendum
2422 3778 2741 3862 impetus,
2802 3778 2883 3843 ad
2938 3779 3420 3864 perficiendum

1921 3878 2268 3963 patientia,
2324 3878 2801 3968 felicitas-plns*
2858 3903 3049 3966 quam
3103 3880 3418 3954 humana,

1921 4001 2083 4065 quae
2123 3982 2185 4044 ei
2221 3994 2487 4065 praesto
2528 4003 2790 4065 semper
2831 3970 3000 4059 fust.
3040 3982 3234 4046 etiam
3270 4003 3419 4044 cum

1918 4083 2196 4166 plurima
2224 4096 2511 4159 temere,
2545 4098 2612 4149 et
2635 4086 3006 4149 inconsulto
3031 4086 3418 4167 susciperet.

1918 4185 2025 4246 Ad
2081 4186 2244 4249 haec
2300 4187 2568 4249 comitas
2619 4185 3002 4269 singularis,
3054 4205 3274 4248 mores
3325 4184 3417 4247 faa-

1919 4286 2128 4363 ciles,
2187 4308 2264 4350 ac
2321 4285 2708 4370 praesertim
2768 4288 2836 4348 in
2876 4285 3088 4351 victos
3128 4286 3416 4349 clemen-

2227 4619 2291 4689 ο)
2327 4572 2689 4674 Καὶ-πιανῶ.
2707 4616 3000 4692 ‚Amiterm
3188 4620 3258 4692 d>
3296 4621 3408 4692 Cy-

300 4712 500 4789 prian.
535 4707 612 4765 de
640 4704 791 4766 idol.
820 4707 1000 4763 venit.
1032 4705 1189 4781 ‘Plun
1224 4709 1286 4764 in
1320 4708 1657 4783 Caeracap.
1690 4719 1777 4769 52.
1815 4706 2107 4766 Minucius
2138 4706 2198 4763 in
2233 4700 2488 4763 Oct'avio
2524 4728 2574 4764 c.
2603 4710 2692 4770 26.
2734 4706 2860 4764 Cic.
2897 4706 2972 4764 de
3000 4709 3196 4767 Divin.
3241 4711 3305 4766 L.
3339 4711 3412 4768 11.

300 4805 365 4874 e]
408 4803 569 4858 Fast.
595 4796 815 4857 Verrii.

1000 4794 1053 4867 s)
1094 4799 1265 4856 Attct.
1298 4796 1637 4874 belliflisp.
1673 4817 1723 4853 c.
1750 4809 1837 4861 5¹.

2025 4800 2091 4872 g>
2127 4796 2242 4854 Dio
2271 4798 2336 4856 1..
2367 4795 2571 4854 XL111.
2604 4799 2652 4869 §.
2681 4806 2771 4857 42.

2843 4890 2898 4948 A
2947 4909 2984 4950 s
