4509 5584
956 544 1058 630 9ls
2177 525 2858 607 AVGVSTVS.

972 698 1134 766 mini
1192 716 1375 763 suam
1428 699 1759 781 Augustus
1814 694 2142 761 fortunam
2202 695 2464 777 dehuit,
2577 695 2719 763 tuit.
2769 698 3056 762 -Samum
3114 696 3322 775 redit,
3391 694 3615 780 ibique
3669 695 3915 761 iterum
3971 694 4069 761 hi-

971 801 1149 866 vieto
1210 799 1525 863 nimirum
1573 799 1746 895 apud
1805 800 2270 879 Artemisium,
2341 821 2464 864 seu
2543 797 2779 895 -Berna
2851 800 3006 883 agit.
3091 798 3363 861 Absens
3421 797 3564 864 viis:
3624 819 3747 883 per
3817 799 4068 865 ltaliam

902 967 927 979 ,
969 900 1274 966 Dianium
1365 902 1663 981 Siciliae,
1709 922 1920 985 prope
2007 901 2215 986 Mylas
2262 898 2507 968 'Sem⁸
2575 900 2946 965 muniendis
3012 901 3299 965 intentus
3369 901 3619 964 Romae
3693 901 4066 965 milliarium

969 1003 1292 1088 Pompeio
1343 1004 1437 1086 ⁸),
1499 1016 1568 1066 et
1623 1001 1796 1086 apud
1846 1002 2108 1066 Actium
2165 1004 2461 1088 Apollini
2574 1024 2848 1068 aureum
2923 1002 3094 1067 facit.
3177 1001 3513 1088 Agrippae
3586 1002 3875 1066 nascitur
3948 1003 4066 1069 Ca-

970 1126 1230 1172 sacrnm
1287 1107 1380 1171 M.
1427 1106 1734 1169 Antonio.
1821 1105 2083 1170 Eodem
2152 1105 2460 1192 exemplo
2573 1104 2674 1188 jus
2722 1102 2795 1186 ί).

968 1207 1099 1293 jam
1143 1207 1301 1271 olim
1343 1205 1782 1270 Athenienses
1832 1205 2003 1272 victa
2055 1206 2224 1291 apud
2270 1209 2465 1272 Arte·

969 1309 1228 1375 misiam
1269 1308 1509 1373 Xerxis
1568 1309 1773 1372 classe
1832 1309 1975 1391 ejus
2028 1309 2158 1373 loci
2212 1309 2459 1372 Dianae

968 1426 1311 1497 tropaeum
1366 1411 1594 1480 navale
1653 1411 2167 1489 constituerunt,
2226 1426 2300 1475 ut
2358 1432 2465 1475 re·

900 1561 905 1567 -
965 1514 1104 1579 fert
1156 1512 1545 1575 Plutarchus
1590 1508 1677 1592 b),
1763 1514 1981 1597 Atque
2053 1512 2185 1575 huc
2258 1511 2463 1576 credo

966 1616 1306 1701 pertinere
1368 1612 1803 1676 sacerdotium
1863 1614 2099 1680 DLAN.
2162 1616 2462 1683 VICTR.

966 1720 1110 1783 ET.
1136 1714 1630 1782 APOLLINIS.
1668 1716 1985 1783 PALAT.
2025 1731 2461 1783 memoratum

964 1822 1035 1891 in
1097 1836 1425 1882 marmore
1484 1817 1827 1880 Muratorii
1871 1820 1970 1900 α),
2036 1820 2458 1883 constitutum

964 1921 1145 1985 haud
1199 1918 1399 1982 dubie
1462 1916 1541 1979 ab
1597 1919 1745 2002 ipso
1799 1920 2136 2005 Augusto,
2199 1922 2470 2005 quando·

963 2023 1247 2088 deorum
1289 2020 1561 2083 fratrum
1607 2040 1734 2104 ope
1779 2022 1993 2086 victor
2035 2023 2119 2086 de
2162 2024 2474 2088 hostibus„

939 2123 1221 2201 evasit,
1284 2121 1467 2229 quod
1535 2135 1711 2185 tanto
1784 2124 2141 2188 verisimile
2214 2125 2466 2209 magis,

964 2227 1270 2313 quoniam
1284 2186 1629 2317 Apollinis
1667 2226 1946 2290 Palatini
1983 2228 2240 2292 habitus
2280 2228 2462 2291 idem

964 2331 1233 2420 omnino
1286 2325 1453 2404 fuit,
1503 2327 1615 2409 qui
1670 2326 1879 2407 Actii,
1945 2342 2016 2392 nt
2073 2329 2322 2413 patebit
2376 2350 2466 2394 ex

964 2431 1182 2495 numia
1225 2428 1579 2494 Commodi
1615 2431 1772 2493 anni
1822 2431 1906 2500 V.
1952 2430 2027 2497 C.
2072 2440 2218 2514 944.
2294 2432 2461 2494 con.

965 2546 1093 2599 stat
1134 2553 1295 2598 vero
1340 2531 1535 2595 etiam
1578 2551 1661 2594 ex
1706 2532 2025 2595 Suetonio
2055 2529 2152 2615 d),
2196 2547 2263 2597 et
2300 2532 2462 2595 Dio-

964 2656 1054 2701 ne
1107 2637 1207 2719 θ),
1281 2633 1362 2699 ab
1418 2634 1721 2718 Augusto
1780 2633 1984 2696 fuisse
2052 2633 2463 2699 aedificatum

961 2738 1282 2823 templum
1316 2735 1679 2820 Apolli‘nis,
1724 2732 1907 2823 'quod
1945 2736 2011 2799 in
2048 2738 2291 2822 palatio
2336 2751 2465 2801 ste·

964 2842 1081 2918 tit,
1127 2863 1164 2905 a
1210 2860 1351 2925 que
1381 2838 1438 2901 is
1479 2840 1840 2903 Palatinus
1890 2837 2099 2902 dietus
2146 2853 2267 2903 est.
2324 2843 2462 2905 Ina·

964 2965 1087 3008 nes
1116 2943 1396 3007 aliorum
1431 2941 1579 3025 plus
1623 2962 1834 3027 aequo
1872 2942 2198 3025 sagacium
2232 2942 2317 3005 de
2350 2964 2473 3005 nu-

968 3048 1093 3110 mis
1138 3042 1460 3109 similibus
1509 3044 1920 3128 conjecturas
1966 3042 2120 3111 vide
2164 3044 2337 3109 infra
2383 3043 2465 3108 ad

977 3170 1216 3214 annum
1247 3147 1330 3216 V.
1365 3146 1439 3211 C.
1473 3144 1622 3231 759.
1682 3142 1693 3153 ’

1284 3420 1293 3427 ·
1339 3335 1422 3396 V.
1462 3332 1537 3400 0.
1567 3331 1696 3416 734
1735 3331 1952 3399 AX.
1987 3349 2088 3397 ao.

1085 3454 1214 3517 ΤΗ.
1254 3453 1333 3516 Ρ.
1365 3450 1499 3518 ΙΙΙ.
1526 3452 1649 3514 IV.
1691 3451 1881 3516 COS.
1919 3451 2054 3518 XI.
2095 3447 2362 3516 PONT.

1017 3574 1023 3578 ’
1533 3571 1666 3636 ΙΜ
1669 3575 1735 3637 Ρ.
1769 3570 1898 3634 ΙΧ.

1079 3694 1189 3756 Μ.
1218 3693 1557 3778 Appuleio
1578 3734 1600 3769 ,
1644 3693 1721 3758 P.
1760 3691 1932 3753 Silio
1970 3689 2192 3756 Nerva
2229 3706 2362 3750 cos.

1105 3862 1302 3924 Samo
1361 3858 1432 3921 in
1490 3855 1710 3922 Asiam
1778 3855 2188 3935 transmittit,
2263 3877 2472 3943 eaque

981 3964 1331 4029 constituta
1406 3960 1658 4043 Syriam
1731 3958 1971 4026 invisit.
2068 3960 2131 4024 A
2184 3960 2469 4025 Phraate

975 4066 1227 4133 Partho
1269 4064 1507 4148 recipit
1550 4064 1734 4146 signa
1779 4062 2116 4141 militaria,
2165 4078 2233 4128 et
2276 4065 2476 4149 capti-

980 4190 1100 4233 vos
1160 4190 1198 4232 a
1256 4166 1475 4232 Crassi
1535 4165 1724 4231 clade
1784 4166 2189 4250 superstites-⁶
2265 4167 2472 4230 Misso

980 4270 1254 4336 Tiberio
1323 4270 1682 4354 Tigranem
1745 4267 2079 4332 Armeniis
2152 4268 2471 4354 praeficit.

977 4372 1215 4439 Varios
1255 4392 1379 4459 per
1419 4392 1575 4437 eum
1608 4384 1886 4437 tractum
1920 4371 2195 4457 regulos
2234 4373 2477 4437 eonsti-

962 4634 967 4643 .
1053 4597 1122 4671 ᾖ)
1156 4599 1268 4657 Dio
1298 4598 1366 4657 1..
1381 4596 1589 4654 XLIX.
1617 4598 1667 4670 §.
1685 4606 1737 4661 8.
1774 4598 2034 4674 Appian.
2064 4597 2132 4658 Β.
2165 4598 2236 4657 C.
2261 4598 2328 4658 L.
2347 4597 2555 4762 Vocnl
2561 4600 2645 4663 16.

2536 4708 2617 4749 to.

1667 4688 1733 4760 e)
1771 4687 1837 4749 1..
1855 4688 2058 4749 XLIX.
2088 4692 2143 4762 §.
2166 4700 2250 4753 15.

1668 4776 1717 4852 i)
1752 4775 1820 4841 L.
1838 4779 1915 4845 11.
1946 4799 1997 4839 c.
2016 4790 2109 4854 91.

862 4660 871 4673 '
983 4687 1056 4762 a)
1088 4687 1153 4747 in
1174 4689 1330 4764 Aug.
1358 4706 1412 4745 c.
1433 4699 1522 4760 29.

984 4776 1056 4837 Τ.
1076 4777 1123 4838 1.
1154 4797 1215 4857 p.
1236 4788 1362 4845 223.
1393 4794 1521 4854 seq,

2703 1206 3094 1295 Opportune
3154 1207 3301 1268 hoc·
3343 1203 3508 1269 loeo
3547 1204 4073 1270 recensebantur

2574 1308 2766 1372 numi·
2796 1311 3132 1394 signorum
3173 1307 3654 1371 restitutionem
3693 1307 4075 1392 praedican-

2576 1422 2734 1485 tes,
2767 1425 2875 1475 aut
2919 1409 2999 1475 ad
3046 1410 3224 1473 idem
3270 1424 3729 1495 argumentum
3777 1424 4076 1495 spectan-

2575 1526 2716 1588 tes,
2764 1534 3041 1597 quorum
3073 1532 3344 1596 magnus
3382 1525 3484 1576 est
3512 1533 3846 1577 numerus.
3905 1513 4077 1575 Nam

2574 1613 2818 1678 donum
2878 1613 3051 1678 istud
3103 1634 3378 1700 magnae
3433 1614 3570 1677 sibi·
3611 1612 3791 1678 laudi
3846 1611 4073 1693 duxit,

2572 1730 2875 1801 tanquam
2910 1714 3253 1781 incruente
3288 1715 3692 1800 recepisset,
3727 1715 3906 1802 qnod
3937 1728 4074 1781 tan-

2571 1830 2640 1883 ta
2697 1817 2884 1882 clade
2943 1819 3251 1881 amissum
3308 1819 3471 1893 fuit,
3531 1833 3604 1881 ut
3660 1818 3756 1881 ait·
3804 1816 4068 1899 Dios).

2570 1921 2661 1982 Hi
2696 1933 2917 1983 tamen
2950 1919 3134 1981 numi
3170 1939 3399 1982 omnes
3447 1919 3576 1983 hoc
3620 1939 3796 1983 anno
3834 1920 4074 2004 signati

2573 2043 2705 2085 non
2737 2036 2916 2102 ὅπως
2969 2044 3117 2086 nam
3159 2021 3560 2098 videbimus,
3611 2022 3853 2086 factum
3896 2021 4075 2084 istud

2573 2116 3009 2189 honorificum
3057 2124 3127 2186 in
3174 2126 3388 2187 numia
3437 2143 3736 2208 quoque,
3795 2123 3907 2210 qui
3946 2143 4075 2207 per

2575 2240 2756 2291 certa
2790 2226 3063 2290 criteria
3096 2224 3179 2289 ad
3216 2225 3594 2310 aequiorum
3644 2247 3881 2290 annum
3924 2244 4074 2310 per-

2575 2329 2821 2406 tinent,
2904 2327 3277 2392 memorari.
3378 2326 3555 2422 Quin
3637 2327 3794 2392 faeti
3875 2328 4074 2410 hujus

2574 2430 2960 2495 memoriam
2996 2443 3345 2496 conservat
3383 2430 3581 2494 etiam
3621 2450 3857 2493 numus
3900 2450 4078 2493 mor-

2573 2545 2690 2597 tuo
2728 2535 3028 2618 Augusto
3062 2532 3386 2617 signatus,
3441 2552 3634 2616 quem
3671 2532 3825 2598 vide
3858 2532 3925 2594 in
3957 2550 4078 2594 nu-

2576 2636 2698 2699 mis
2745 2637 2829 2697 D.
2866 2633 3171 2719 Augusti.
3230 2634 3756 2712 Historicorum,
3800 2647 3869 2699 et
3920 2653 4078 2718 poe·

2574 2751 2791 2802 tarum
2819 2735 3190 2802 testimonia
3231 2735 3315 2798 de
3351 2737 3671 2801 restitutis
3725 2735 3825 2799 his
3872 2735 4076 2821 signis

2577 2839 2734 2907 vide
2801 2841 3081 2905 collecta
3150 2860 3187 2901 a
3243 2838 3643 2922 Schlegelio·
3670 2835 3762 2920 h).
3842 2839 4083 2902 Narrat

2579 2942 2917 3019 Velleius,
2970 2952 3236 3026 praeter
3277 2939 3462 3024 signa
3504 2939 3587 3003 de
3623 2940 3857 3035 Crasso
3893 2953 4080 3023 capta

2583 3045 2780 3110 etiam
2830 3057 2968 3107 tum
3016 3042 3223 3108 fuisse
3263 3041 3536 3107 remissa
3581 3044 3735 3120 illa,
3784 3062 3950 3128 quae
3993 3040 4083 3104 de

2580 3149 2677 3212 M.
2731 3147 3021 3212 Antonio
3076 3145 3253 3210 victo
3310 3145 3629 3210 Phraates
3692 3144 3940 3210 Orodis
3994 3143 4075 3210 F.

2582 3263 2858 3333 ceperat
2901 3247 2981 3331 i).

2903 3347 3399 3418 AVGVS'PVS.
3454 3349 3673 3430 Caput
3715 3350 3987 3411 nudum.

2583 3450 2887 3518 SIGNIS.
2922 3451 3378 3515 RECEPTIS.
3433 3452 3894 3536 Capricornus.
3938 3451 4082 3520 AV.

2584 3553 2930 3638 (Mox-elli,
2972 3553 3244 3635 Liebe.)

2714 3656 3151 3741 Capricornus
3201 3656 3284 3719 ad
3321 3656 3488 3721 haec
3526 3656 3712 3742 signa
3753 3676 3887 3721 non
3932 3674 4085 3741 p'er·

2587 3754 2788 3832 tinet.
2817 3780 2964 3823 nam
2997 3757 3293 3842 jungitur
3334 3759 3528 3823 etiam
3546 3803 3564 3836 ,
3591 3772 3665 3822 ut
3695 3757 4083 3835 videbimus,

2590 3882 2737 3928 cum
2782 3861 3189 3923 ARMENIA
3232 3860 3549 3923 CAPTA.
3608 3860 3761 3923 Fuit
3804 3860 4084 3945 Augusti

2586 3964 2845 4050 signum
2905 3961 3426 4049 genethliaeum,
3508 3963 3593 4026 de
3653 3983 3786 4048 quo
3813 3990 3821 3998 ·
3847 3977 4083 4048 agetur

2589 4066 2762 4131 infra
2792 4066 2878 4131 ad
2908 4088 3145 4132 annum
3183 4066 3268 4133 V.
3302 4066 3374 4128 C.
3411 4066 3561 4146 743.

2917 4169 3284 4233 CAESAR.
3322 4168 3817 4238 AVGVSTVS.
3869 4169 4084 4251 capue

2918 4273 3188 4335 nudum.

2589 4371 2893 4440 SIGNIS.
2933 4372 3395 4438 RECEPTIS.
3449 4373 3649 4437 Mars
3702 4373 4088 4438 seminudus

2778 4600 2850 4674 b)
2890 4597 2952 4657 in
2983 4599 3221 4656 Theseo
3252 4618 3385 4681 cap.
3404 4608 3457 4664 8.
3593 4600 3659 4672 e)
3694 4616 3830 4675 pag.
3850 4609 4011 4674 1119.
4031 4612 4080 4659 1.

2758 4691 2826 4768 g)
2861 4686 3094 4756 1..1.1v.
3123 4691 3245 4767 §.a
3309 4766 3314 4771 .
3378 4689 3451 4764 h)
3490 4687 3569 4748 ad
3601 4686 3858 4752 morellii
3888 4690 4083 4766 Impp.
