4509 5584
1516 525 2246 647 'avcvsrva
2888 653 2898 661 ,
3380 533 3690 686 2i0‘

369 754 512 807 stea
535 742 777 807 Caesar
807 738 932 804 sibi
950 736 1349 824 Hispaniam,
1382 751 1451 803 et
1474 737 1869 820 Numidiam,

368 844 695 909 Antonius
722 843 1035 919 Galliam,
1073 855 1143 907 et
1177 839 1471 906 Africam
1502 840 1867 930 designant.

498 947 585 1017 V.
624 946 856 1030 (li-,713
889 940 971 1009 Ᾱ.
1000 945 1084 1011 X.
1116 954 1221 1022 [μ.
1274 946 1356 1011 L.
1389 945 1739 1023 Antonia,
1789 948 1865 1011 P.

371 1047 662 1114 Servilio
715 1050 927 1112 Vatia
986 1047 1291 1110 Isaurico
1343 1067 1478 1112 cos.
1546 1049 1641 1114 M.
1666 1047 1873 1111 Anto·

369 1149 486 1214 nio
556 1148 627 1212 in
702 1147 926 1212 Asiam
993 1146 1080 1212 ad
1158 1146 1487 1233 cogendas
1556 1147 1868 1233 pecunias

368 1249 680 1339 profecto
728 1249 871 1335 ejus
914 1252 1122 1316 frater
1163 1252 1246 1315 L.
1289 1248 1614 1313 Antonius
1649 1250 1869 1317 Pietas

368 1374 510 1420 cos.
556 1367 624 1417 et
665 1356 758 1419 M.
791 1353 1062 1416 Antonii
1122 1374 1292 1416 uxor
1343 1353 1576 1417 Fulvia
1629 1355 1868 1431 Italos,

370 1456 486 1542 qui
541 1477 740 1540 agnos
797 1476 950 1519 suos
1016 1455 1338 1520 veteranis
1402 1455 1647 1519 cedere
1708 1455 1870 1539 jussi

367 1560 668 1635 fuerant,
698 1556 1012 1621 adversus
1044 1559 1397 1620 Caesarem
1426 1557 1868 1622 concitavere.

366 1661 549 1724 Hinc
597 1658 889 1737 hellam,
938 1658 1182 1723 dictum
1212 1659 1633 1737 Perusinum,
1675 1678 1873 1723 exor-

370 1779 517 1827 tum
562 1762 913 1825 Caesarem
976 1761 1154 1823 inter
1214 1774 1284 1824 et
1332 1762 1414 1822 L.
1472 1759 1870 1838 Antonium,

373 1864 557 1951 qnod
592 1861 845 1926 finitum
886 1861 1010 1926 fuit
1043 1862 1173 1926 hoc
1205 1861 1522 1927 Perusiae
1564 1861 1874 1944 obsesso,

374 1982 451 2033 et
481 1965 566 2031 ad
606 1963 1017 2047 deditionem
1065 1975 1318 2029 coacto.
1395 1963 1566 2032 Vide
1614 1962 1699 2028 ‹le
1743 1964 1873 2027 hoe

370 2068 561 2131 hello
624 2066 977 2152 praecipue
1018 2066 1301 2130 Dionem
1344 2066 1439 2149 ⁸),
1527 2078 1597 2130 et
1635 2065 1878 2152 Appia-

373 2191 537 2232 num
577 2165 670 2249 b).
1492 2158 1501 2169 ⁶

506 2272 591 2339 V.
629 2271 703 2336 C.
741 2277 871 2353 7¹4
921 2272 1003 2337 A.
1030 2271 1115 2333 X.
1157 2277 1264 2347 40.
1329 2269 1403 2335 0.
1433 2268 1686 2333 Asinio
1723 2270 1876 2333 Pol-

373 2374 597 2451 lione,
638 2374 756 2437 Cn.
795 2374 1104 2436 Domitio
1143 2373 1422 2435 Calvc'no
1463 2393 1596 2435 eos.
1678 2368 1876 2435 Octa-

370 2475 606 2539 vianus
660 2473 786 2537 sibi
821 2495 860 2537 a
892 2477 985 2540 M.
1023 2473 1312 2537 Antonio
1362 2470 1449 2536 ob
1500 2472 1631 2539 vim
1683 2472 1874 2536 fratri

368 2575 612 2642 factam
670 2575 1172 2655 metuensSex.
1209 2575 1600 2660 Pompeium
1644 2574 1872 2659 Magni

368 2677 583 2743 filiam
612 2692 766 2742 natu
792 2677 1137 2755 minorem,
1174 2676 1577 2762 quielapsus
1608 2694 1647 2740 e
1680 2696 1874 2762 prae·-

367 2782 472 2848 lio
524 2778 878 2845 Mundensi
930 2793 1191 2843 mortuo
1250 2778 1573 2844 dictatore
1625 2776 1871 2842 iterum

375 2884 687 2962 emersit,
742 2895 811 2946 et
851 2894 1222 2967 comparata
1262 2882 1512 2960 classe,
1554 2864 1873 2971 recepti&

375 3006 509 3072 que
550 2982 972 3071 proscriptis,
1037 2998 1105 3048 et
1148 2997 1460 3070 occupata
1505 2981 1727 3047 Sicilia
1771 3002 1871 3047 sa·

374 3089 463 3151 tis
532 3087 789 3155 validus
867 3085 1088 3149 Italiae
1167 3104 1353 3149 oram
1423 3084 1722 3164 vexavit,
1796 3083 1869 3147 in

374 3203 599 3275 partes
638 3212 786 3254 suas
817 3183 1205 3273 pertrahere
1245 3197 1510 3251 conatus
1547 3200 1649 3252 est
1680 3185 1875 3250 ducta

378 3313 533 3356 eum
574 3293 644 3354 in
692 3292 893 3355 finem
949 3288 1293 3354 Scribonia
1335 3308 1569 3353 sorore
1611 3286 1877 3353 Scribo·

378 3393 473 3457 nii
519 3392 834 3470 Libonis,
903 3390 1240 3476 patrisque
1289 3390 1561 3474 alterius
1610 3390 1876 3456 Scribo·

372 3495 520 3560 niae
605 3496 763 3559 Sex.
835 3492 1159 3579 Pompeio
1240 3491 1311 3555 in
1388 3491 1872 3558 matrimonium

372 3599 755 3664 collocatae.
836 3595 958 3660 Ast
1031 3596 1292 3659 irritum
1361 3593 1607 3660 cecidit
1675 3592 1874 3659 artifi-

370 3702 568 3769 cium.
646 3702 913 3765 Revera
950 3700 1048 3765 M.
1083 3695 1405 3761 Antonius
1438 3719 1522 3761 ex
1562 3696 1871 3784 Aegypto

362 3804 437 3868 in
475 3803 722 3870 ltaliam
755 3801 1062 3889 appulsus
1093 3799 1535 3865 Brundusium
1574 3820 1701 3884 per
1734 3799 1870 3864 vim

363 3906 580 3990 cepit,
656 3926 807 3971 cum
879 3914 1137 3967 mortua
1210 3901 1570 3985 improviso
1633 3901 1870 3969 Fulvia

362 4009 567 4075 totius
606 4005 775 4071 belli
824 4005 973 4070 face
1019 4004 1089 4067 in
1131 4003 1553 4068 concordiam
1584 4014 1866 4090 uterque

354 4108 568 4174 rediit
630 4128 711 4174 ea
767 4107 959 4193 lege,
1020 4119 1095 4170 ut
1143 4104 1392 4171 Oriens
1435 4108 1528 4170 M.
1572 4106 1905 4172 Antonio'

370 4212 679 4290 cederet,
785 4206 1049 4295 Lepido
1132 4208 1393 4288 Africa,
1502 4207 1866 4275 Octaviano

368 4314 620 4391 Gallia,
696 4312 1048 4398 Hispania,
1116 4311 1470 4389 Dalmatia,
1531 4310 1867 4390 Sardinia,

376 4431 573 4503 atque
608 4414 718 4480 hic
765 4414 1019 4477 bellum
1057 4413 1213 4481 Sex.
1246 4414 1607 4502 Pompeio,
1664 4414 1871 4479 Anto-

375 4518 522 4584 nius
595 4514 858 4582 Parthis
925 4515 1199 4584 faceret.
1293 4517 1395 4582 Ea
1459 4537 1590 4602 pax
1658 4516 1870 4600 magis

452 4734 513 4801 a)
549 4728 615 4786 L.
643 4722 909 4784 XLVIII.
945 4726 993 4797 §-
1019 4734 1051 4786 5
1079 4742 1201 4798 seq.

384 4817 631 4897 Appian.
659 4817 725 4875 B.
760 4816 831 4874 C.
856 4814 924 4873 L.
950 4812 1023 4871 V.
1060 4831 1114 4873 c.
1132 4825 1222 4878 73.

1378 4723 1452 4796 b)
1490 4721 1638 4782 nen.
1678 4722 1790 4782 civ.
1823 4702 2027 4784 1..V.‘'

1978 738 2232 804 firmata
2276 733 2547 804 Octavia
2582 735 2881 809 Caesaris
2911 763 3144 812 sorore
3177 746 3471 815 Antonio

1979 841 2049 904 in
2077 841 2558 907 matrimonium
2585 842 2754 913 data.
2867 906 2878 913 .

2108 945 2193 1012 V.
2228 944 2303 1011 C.
2341 947 2469 1027 7¹5
2510 946 2593 1012 A.
2618 947 2698 1012 X.
2735 944 2841 1031 39.
2891 948 2976 1014 Ι..
3009 948 3279 1013 Marcio
3317 950 3479 1019 Cen·

1978 1049 2231 1123 coreno,
2263 1047 2334 1113 C.
2359 1048 2653 1112 Calvisio
2678 1047 2924 1113 Sabino
2940 1071 3072 1114 eos.
3108 1050 3263 1116 Sex.
3280 1042 3500 1115 Pom?

1980 1146 2138 1233 pejo
2180 1148 2375 1212 litora
2424 1149 2638 1241 omnia
2703 1151 2926 1215 Italiae
2971 1150 3357 1229 infestante,
3411 1163 3485 1217 et

1985 1263 2330 1314 crescente
2360 1251 2428 1312 in
2461 1250 2628 1315 urbe
2663 1251 2835 1317 fame
2867 1251 3190 1317 Antonius
3221 1267 3291 1319 et
3318 1254 3485 1324 Cat·

1984 1371 2092 1413 sar
2153 1350 2260 1413 ad'
2299 1352 2557 1416 mitiora
2616 1354 2943 1439 compulsi
2999 1354 3296 1420 consilia‘
3328 1376 3480 1419 cum

1984 1455 2303 1535 Pompeio
2341 1476 2550 1539 prope
2582 1456 2909 1520 Misenum
2937 1457 3282 1540 congressi
3309 1473 3478 1536 sunt,

1986 1575 2116 1640 quo
2167 1557 2234 1616 in
2285 1557 2619 1642 colloquio
2679 1560 3028 1637 sancitum,
3091 1572 3163 1621 ut
3202 1559 3486 1644 Pompe·

1982 1656 2087 1741 jus
2165 1657 2472 1722 Achaiam
2494 1703 2513 1738 ,
2580 1659 2910 1741 Siciliam,
2991 1660 3353 1725 Sardiniam
3413 1662 3487 1725 in

1940 1848 1945 1854 .
1985 1757 2503 1844 quinquennium
2561 1773 2842 1831 teneret.
2912 1762 3256 1847 Designati
3294 1758 3510 1846 prae?

1986 1874 2170 1925 terea
2196 1862 2266 1922 in
2296 1863 2470 1930 Vm.
2491 1884 2699 1927 annos
2729 1864 3068 1943 consules,
3113 1877 3181 1928 et
3209 1864 3480 1949 quidem

1987 1976 2061 2026 ut
2092 1962 2332 2027 Caesar
2362 1985 2529 2028 anno
2558 1965 2732 2034 V.C.
2752 1982 2869 2048 721
2905 1964 3084 2030 esset
3112 1966 3341 2030 consul
3370 1968 3485 2045 11.,
3522 2020 3525 2024 Α

1986 2066 2113 2146 723
2159 2066 2389 2129 consul
2433 2069 2542 2129 111.
2587 2069 2649 2150 ο)
2709 2068 2978 2131 Caesari
3011 2088 3096 2133 ex
3137 2069 3486 2135 Scribonia

1986 2166 2279 2229 nascitur
2312 2167 2498 2235 Iulia.
3579 2230 3594 2241 .

2115 2269 2200 2338 V.
2235 2270 2309 2338 C.
2342 2271 2469 2351 7ιὸ
2511 2272 2595 2337 A.
2625 2267 2714 2338 X.
2752 2270 2863 2337 38.
2909 2272 3149 2355 -Λρρίυ
3195 2272 3483 2339 Claudio

1983 2366 2309 2450 Pulchro,
2373 2374 2442 2438 G.
2478 2370 2789 2437 Norbano
2842 2374 3087 2437 Haece
3147 2394 3284 2442 cos.
3343 2378 3486 2440 Pax

1989 2471 2337 2536 Caesarem
2382 2474 2556 2538 inter
2597 2487 2669 2538 et
2701 2472 3094 2562 Pompeium
3135 2491 3360 2562 rupta,
3412 2492 3486 2544 et

1984 2594 2244 2660 pugnae
2310 2577 2672 2641 maritimae
2741 2577 2925 2643 varin
2998 2592 3261 2644 eventu.
3350 2572 3516 2643 Ex-'

1984 2692 2182 2767 eunte
2235 2675 2367 2742 hoc
2422 2700 2593 2743 anno
2642 2679 2975 2744 Illviratus
3030 2678 3479 2767 quinquennio

1984 2778 2270 2843 eundem
2299 2779 2428 2843 sibi
2458 2782 2783 2846 honorem
2813 2782 2880 2844 in
2911 2782 3091 2846 aliud
3122 2772 3485 2868 quinquen}-

1980 2882 2162 2944 nium
2196 2896 2558 2966 prorogant
2586 2882 2824 2948 111viri.
2871 2884 3108 2947 Caesar
3135 2885 3480 2970 repudiata

1986 2984 2328 3048 Scribonia
2359 2985 2620 3050 Liviam?
2650 2982 2828 3047 ducit
2855 2983 3201 3050 abductam
3239 2986 3480 3051 marito

1988 3107 2108 3149 suo
2154 3087 2257 3148 Ti.
2302 3086 2573 3152 Claudio
2620 3085 2907 3168 Neroni,
2959 3099 3028 3153 et
3076 3100 3217 3153 tum
3257 3091 3480 3154 Druso

1990 3188 2344 3274 gravidam.
3597 3244 3604 3257 .

2028 3346 2033 3353 .
2111 3292 2196 3360 V.
2241 3292 2316 3358 C.
2355 3311 2483 3377 7¹⁶⁷
2543 3291 2625 3357 A.
2662 3289 2752 3360 X.
2797 3290 2903 3375 37.
2981 3292 3090 3360 M.
3137 3294 3481 3378 Agrippa,

1986 3391 2070 3458 L.
2116 3393 2402 3458 Gam‘nio
2454 3390 2658 3458 Galle
2702 3410 2838 3461 cos.
2909 3393 3135 3478 Magni
3184 3394 3483 3459 Caesaris

1986 3493 2069 3558 ad
2100 3495 2354 3559 bellum
2399 3508 2625 3559 eontra
2669 3496 2824 3563 Sex.
2854 3497 3243 3583 Pompejum
3287 3518 3482 3580 appa-

1984 3610 2164 3661 ratus
2194 3597 2487 3682 Agrippa
2514 3619 2803 3664 summae
2833 3599 2936 3664 rei
2960 3600 3319 3684 praefecto.
3352 3599 3486 3662 Ro-

1984 3718 2131 3763 mae
2177 3700 2499 3793 {Pompeio
2546 3700 2988 3767 sacerdotium
3038 3700 3483 3786 designatum,

1984 3813 2055 3865 et
2139 3803 2513 3867 consulatus
2601 3803 2978 3890 designatus
3059 3803 3479 3889 abrogantur.

1983 3903 2180 3988 (Dio,
2221 3905 2615 3989 Appianum)
3123 3986 3128 3991 ἱ

2105 4006 2193 4076 V.
2222 4007 2303 4082 'C.
2336 4008 2466 4090 718
2503 4008 2586 4073 A.
2616 4007 2696 4072 X.
2730 4005 2835 4072 36.
2877 4006 2961 4072 L.
3001 4006 3225 4072 Gellio
3258 4008 3487 4090 Popli-

1980 4108 2165 4187 cola,
2205 4110 2310 4175 M.
2350 4110 2626 4173 Cocceio
2659 4107 2883 4173 Nerva
2915 4129 3047 4172 eos.
3094 4109 3251 4175 Sex.
3283 4102 3481 4173 Pom-

1981 4208 2171 4293 peius
2220 4221 2373 4293 post
2421 4208 2634 4274 varias
2696 4208 2879 4273 vices
2942 4207 3206 4273 demum
3267 4213 3526 4295 navali'

1981 4304 2253 4399 praelio,
2284 4309 2495 4376 victus
2539 4310 2607 4373 in
2652 4310 2871 4375 Asiam
2911 4311 3227 4398 profugit.
3290 4316 3488 4378 Com-

1982 4413 2177 4477 missa
2210 4434 2430 4497 pugna
2460 4414 2571 4478 111.
2609 4433 2742 4474 non
2777 4413 2963 4499 Sept.
2999 4413 3280 4480 docente
3309 4417 3484 4481 istud

1982 4515 2379 4581 Kalendario
2413 4514 2866 4582 Amiternino&
2900 4518 3098 4581 FER.
3124 4520 3268 4586 ET.
3293 4520 3489 4590 SVP-

2150 4694 2215 4796 03'
2251 4722 2369 4781 Dio
2403 4721 2471 4782 ι.
2499 4720 2761 4784 nvm.
2800 4723 2851 4798 §-
2874 4682 2945 4789 ss
2980 4735 3040 4785 et
3072 4723 3210 4787 Lib.
3234 4726 3300 4783 L.
3329 4726 3378 4801 §-
3402 4741 3493 4793 ιο.
