4509 5584
1054 546 1149 618 ¹8

1047 693 1514 766 omnibus'non
1545 697 1740 779 aliud
1763 704 1885 762 aut
1913 698 2181 779 recepit,
2207 711 2332 760 aue
2361 718 2549 760 usur·

1033 804 1614 888 pavit-libentius,
1650 819 1848 881 quam
1868 798 1986 876 jus
2015 799 2291 861 laureae
2320 820 2547 883 perpe-

1042 920 1160 969 tuo
1197 905 1584 987 gestandae.
1671 898 1839 963 Nam
1901 897 2080 983 quod
2138 898 2540 964 recalvaster

1042 1018 1219 1083 erat,
1262 1003 1344 1068 ad
1374 1002 1726 1087 tegendam
1764 1000 2132 1079 calvitiem,
2166 1000 2350 1083 cujus
2391 1021 2543 1064 eum

1040 1106 1467 1192 suppudcbat,
1500 1103 1841 1193 nonaliud
1873 1116 2134 1187 praesto
2175 1122 2319 1165 esse
2358 1117 2544 1187 pote-

1042 1224 1143 1273 rat
1157 1204 1511 1281 subsidium
1532 1205 1957 1290 opportunius
1972 1227 1993 1287 3
2017 1226 2178 1290 quae
2194 1225 2383 1268 causa
2401 1205 2544 1282 fuit,

1035 1329 1158 1375 cur
1202 1310 1368 1399 olim
1416 1328 1539 1371 rex
1587 1328 1847 1392 qnoque
1894 1307 2296 1392 Agathocles
2356 1328 2546 1370 coro·-

1034 1423 1182 1475 nam
1213 1423 1503 1495 gestaret
1533 1413 1613 1491 ⁸).
1672 1407 1855 1471 Idem
1891 1406 1976 1470 de
2033 1409 2313 1473 Caesare
2347 1423 2542 1473 testa-

1032 1530 1145 1579 tur
1186 1513 1316 1576 Dio
1362 1529 1623 1597 quoque
1654 1501 1762 1591 l’):
1831 1507 2118 1587 scilicet,
2172 1532 2428 1593 semper
2471 1523 2540 1573 et

1034 1619 1275 1698 uquue
1318 1618 1554 1676 laurea
1596 1631 1746 1673 eum
1798 1632 2044 1673 corona
2074 1612 2307 1694 fuisse
2352 1633 2545 1674 orna·

1033 1730 1198 1794 tum,
1249 1716 1500 1794 objecta
1550 1734 1758 1775 causa
1783 1756 1803 1788 ,
1848 1714 2028 1790 quod
2070 1713 2302 1776 calvus
2345 1727 2540 1780 esset.

1034 1818 1172 1881 Sed
1204 1813 1852 1880 animadvertendum
1877 1857 1895 1889 ,
1938 1815 2238 1877 ‘lauream
2258 1858 2277 1890 ,
2332 1836 2458 1899 qua
2488 1817 2538 1881 1.

1032 1921 1276 1983 Caesar
1309 1938 1459 1979 usus
1511 1929 1612 1978 est
1639 1960 1657 1992 ,
1703 1915 1906 1979 fuisse
1937 1913 2261 1979 diversam
2305 1914 2386 1978 ab
2427 1936 2535 1995 ea,

1031 2043 1161 2105 qua
1194 2019 1295 2082 usi
1345 2031 1495 2080 suut
1553 2017 1694 2100 ejus
1752 2036 2169 2081 successores
2215 2017 2494 2101 Augusti
2511 2041 2534 2099 3

1027 2144 1179 2185 nam
1214 2120 1452 2182 horum
1494 2119 1718 2182 laurea
1760 2119 2005 2183 intexta
2045 2118 2170 2181 fuit
2213 2117 2538 2184 diadema·

1027 2224 1120 2301 ti,
1164 2223 1347 2306 cujus
1392 2236 1724 2285 extremae
1759 2221 1994 2284 fasciae
2028 2220 2095 2281 in
2126 2220 2340 2282 numis
2382 2241 2534 2284 con·

1029 2325 1392 2410 spiciuntur
1436 2337 1588 2407 post
1636 2322 1895 2407 occiput
1941 2342 2024 2384 ex
2068 2322 2246 2385 nodo
2287 2322 2534 2406 depen-

1027 2430 1217 2494 dere.
1303 2427 1393 2488 At
1437 2429 1488 2490 1.
1538 2424 1832 2488 Caesaris
1878 2423 2101 2487 laurea
2141 2424 2269 2487 hoc
2311 2425 2531 2491 diade-

1027 2543 1198 2593 mate
1258 2541 1639 2592 constanter
1693 2526 2105 2602 destituitur,
2196 2547 2414 2613 neque
2456 2529 2526 2590 id

1024 2652 1309 2714 unquam
1376 2629 1440 2692 ei
1497 2653 1534 2693 a
1594 2629 1842 2713 populo
1904 2627 2294 2710 permissum
2361 2612 2524 2711 fuit,

1023 2754 1172 2798 cum
1218 2732 1516 2795 diadema
1563 2732 1789 2815 regiae
1840 2732 2176 2813 potestatis
2212 2732 2523 2795 Romanis

1022 2849 1368 2919 tantopere
1422 2852 1664 2896 exosae
1719 2846 1896 2895 esset
1947 2831 2283 2899 indicium.
2364 2837 2525 2898 Nar-

1020 2952 1126 3002 rat
1194 2936 1547 3000 Suetonius
1579 2937 1680 3016 c),
1760 2934 2109 3020 aliquando
2177 2936 2523 3021 quemdam

1022 3062 1061 3104 e
1105 3039 1296 3103 turba
1348 3016 1605 3102 statuae
1664 3038 1959 3101 Caesaris
2019 3057 2331 3101 eoronam
2389 3039 2526 3103 lau·

1020 3163 1207 3207 ream
1247 3140 1523 3206 candida
1579 3140 1779 3203 fascia
1832 3139 2259 3224 praeligatam
2317 3141 2524 3224 impo-

1022 3247 1267 3321 suisse,
1303 3258 1367 3306 at
1422 3263 1567 3305 eam
1612 3243 1920 3305 continuo
1950 3241 2181 3324 Epidii
2215 3243 2520 3321 Marulli,

1021 3361 1092 3409 et
1138 3345 1421 3410 Caesetii
1469 3334 1656 3406 Flavi
1705 3342 2120 3406 tribunorum
2165 3343 2350 3426 jussu
2406 3343 2526 3408 de-

1019 3461 1296 3512 tractam
1338 3447 1573 3509 ·fuisse.
1650 3444 1836 3509 ldem
1894 3443 2236 3507 adfirmant
2280 3447 2528 3530 Appia--

1018 3573 1142 3614 nus
1175 3550 1275 3634 d),
1360 3562 1428 3611 et
1468 3546 1600 3610 Dio
1631 3549 1712 3628 e).
1796 3546 2033 3609 Refert
2091 3546 2287 3610 etiam
2337 3548 2531 3610 Plut:

1018 3652 1254 3718 archus
1298 3650 1397 3713 his
1442 3642 1545 3732 f),
1619 3654 1709 3714 M.
1755 3648 2112 3712 Antonium
2170 3649 2346 3713 iuter
2388 3652 2518 3712 Lu-

1017 3753 1310 3839 percalia
1344 3752 1657 3815 obtulisse
1692 3751 1959 3815 Caesari
2003 3771 2126 3836 pro
2154 3752 2387 3815 rostris
2416 3773 2517 3816 se·

1018 3857 1242 3933 denti,
1283 3869 1350 3920 et
1378 3854 1696 3940 spectanti
1732 3852 2027 3916 diadema
2065 3854 2232 3916 lauri
2269 3874 2511 3918 corona

1017 3958 1437 4036 exornatum,
1467 3971 1531 4021 at
1558 3958 1880 4042 rejectum
1917 3978 1952 4018 a
1980 3957 2258 4021 Caesare
2279 4003 2297 4035 ,
2340 3956 2514 4043 quod
2543 3976 2548 3979 ·

1017 4062 1307 4146 graviter
1344 4054 1347 4057 ¹
1379 4060 1553 4125 istud
1620 4061 1803 4124 ferre
1861 4059 2176 4144 populum
2234 4059 2516 4123 animad-

1014 4165 1238 4231 vertit.
1354 4163 1564 4249 ¹Cujus
1639 4177 1908 4226 naturae
1991 4160 2291 4228 videatur
2358 4162 2516 4225 fuis·

1016 4289 1089 4330 se
1135 4265 1433 4331 diadema
1476 4268 1877 4343 laureatum,
1922 4284 2051 4350 quo
2090 4285 2507 4329 successores

1015 4372 1331 4435 Caesares
1404 4370 1506 4432 usi
1577 4383 1762 4448 sunt,
1836 4367 2344 4432 examinabimus
2415 4368 2511 4429 in-

1085 4713 1147 4785 .)
1187 4702 1366 4765 mod.
1400 4701 1517 4761 sie.
1543 4700 1610 4756 L.
1637 4700 1762 4759 xx
1798 4723 1848 4759 ο.
1879 4679 1966 4762 52..

1013 4825 1065 4864 e.
1097 4808 1217 4863 108.
1402 4795 1464 4866 e)
1501 4793 1565 4850 1..
1591 4792 1796 4852 XLIV.
1824 4795 1872 4868 §-
1893 4806 1950 4868 9.

2151 4702 2222 4775 b)
2264 4701 2327 4759 L.
2357 4699 2563 4760 XLIII.
2596 4701 2645 4774 §-
2669 4710 2760 4767 43.

2097 4792 2151 4867 s)
2188 4793 2249 4848 in
2280 4793 2449 4852 Caes.
2482 4802 2540 4848 et
2563 4792 2643 4847 Μ.
2676 4794 2889 4851 Aulon.

2118 482 2528 605 ‘1vL1vs
2596 464 3092 653 cassan.

2662 694 2766 762 fra
2826 698 2895 761 in
2946 696 3159 762 numis
3214 694 3497 785 Augusti
3539 695 3623 763 ad
3665 703 4033 772 aunum,V.
4077 703 4154 771 C.

2660 800 2814 882 726.

2678 958 2686 965 .
2789 900 2996 984 Caput
3022 899 3350 978 velatum,
3385 898 3643 985 signum
3677 918 4048 989 auguratus,
4088 921 4161 972 ut

2663 1000 2911 1066 dictum
2951 1023 3146 1086 supra
3179 1001 3301 1065 sub
3329 1002 3647 1086 Augure,
3689 1025 4002 1090 quorsum
4035 1009 4161 1074 eti-

2664 1127 2764 1169 am
2798 1104 3088 1188 pertinet
3124 1105 3360 1169 lituus.
3919 1170 3928 1177 ,
4005 1104 4010 1109 ’

2791 1209 3077 1271 Astrum
3133 1225 3593 1291 nonnunquam
3636 1208 3817 1292 juxta
3855 1208 4150 1275 'Caesaris

2660 1320 2853 1393 caput
2893 1306 3198 1391 ponitur,
3226 1307 3405 1393 quod
3430 1306 3607 1373 forte
3640 1310 3884 1376 indicat
3911 1325 4154 1383 astrum

2656 1410 2942 1478 Veneris
2993 1409 3213 1472 matris
3260 1410 3566 1488 Aeneae,
3629 1426 3739 1476 aut
3788 1434 4026 1476 anuum
4075 1416 4157 1479 ad

2655 1512 2814 1576 solis
2863 1531 3127 1575 cursum
3175 1510 3385 1595 aptius
3425 1527 3826 1580 revocatum.
3885 1517 4155 1594 Lunae,

2660 1634 2826 1698 quae
2876 1613 3033 1675 item
3082 1613 3261 1696 juxta
3297 1612 3439 1695 ejus
3467 1628 3663 1697 caput
3699 1636 4158 1701 nonnunquam

2657 1714 2925 1792 visitur,
3001 1713 3253 1777 ineerta
3310 1713 3733 1796 significatio,
3791 1717 3919 1782 nisi
3974 1718 4149 1785 forte

2658 1837 2896 1880 annum
2943 1834 3203 1902 quoque
3238 1830 3609 1880 correctum
3654 1818 3945 1903 respicit.

3148 2002 3671 2068 PRETIVM.

2664 2170 2672 2175 .
2781 2119 2880 2183 cl.
2944 2119 3267 2185 Beauvais
3327 2120 3396 2182 in
3463 2141 3669 2205 opere
3730 2142 3892 2202 suo,
3972 2126 4151 2210 quod

2650 2223 2954 2286 Histoire
2984 2222 3257 2305 abrege'e
3281 2223 3398 2284 des
3433 2223 3826 2306 Empereurs
3849 2227 4147 2290 inscribi·
4211 2278 4216 2285 .

2646 2337 2789 2398 tur,
2864 2324 3138 2408 singulis
3189 2325 3657 2408 imperatorum
3705 2326 3854 2391 vitis
3897 2326 3980 2390 ad
4018 2329 4148 2392 cal·

2646 2447 2791 2491 cem
2837 2425 3076 2511 adjecit
3121 2448 3265 2489 suas
3310 2425 3393 2488 de
3437 2447 3787 2490 numerum
3840 2429 4148 2494 uniuscu-

2641 2528 2874 2615 jusque
2919 2529 3200 2614 Augusti
3243 2528 3497 2612 praetio
3544 2531 3974 2613 conjecturas.
4054 2535 4147 2602 Vt

2642 2651 2789 2694 rem
2823 2644 3071 2714 gratam
3105 2630 3343 2694 fecisse
3373 2631 3548 2694 visus
3578 2647 3680 2696 est
3716 2632 3831 2713 iis,
3865 2634 3975 2719 qui
4009 2635 4147 2698 col-

2641 2732 2921 2817 ligendis
2969 2732 3180 2794 numis
3234 2732 3569 2797 veteribus
3636 2733 3790 2799 dant
3840 2756 4145 2819 operam,

2640 2855 2726 2897 ne
2773 2834 2853 2897 iis
2900 2835 3196 2898 emendis
3244 2834 3310 2895 in
3354 2834 3653 2899 fraudem
3714 2837 4142 2919 inducantur,

2643 2936 2938 3001 dubitant
2983 2951 3201 3001 tamen
3251 2937 3554 3020 plurimi,
3606 2953 3827 3002 utrum
3879 2940 4141 3007 univer-

2629 3041 2762 3102 sim
2801 3039 2941 3122 ejus
2976 3039 3227 3124 ›judicio
3265 3052 3405 3101 tuto
3443 3039 3599 3102 stari
3628 3041 3859 3123 possit.
3968 3045 4133 3107 Nam

2638 3142 2920 3226 primum
2966 3141 3328 3227 generatim
3371 3141 3704 3226 loquendo
3737 3143 4008 3207 nimium
4045 3146 4139 3209 vi-

2638 3242 2834 3307 detur
2868 3265 3099 3308 eorum
3139 3244 3325 3308 valor
3363 3257 3833 3327 exaggeratus3
3893 3244 4135 3311 deinde

2636 3344 2881 3408 frustra
2912 3359 3049 3423 est,
3083 3367 3232 3410 cum
3274 3366 3653 3422 numerum,
3699 3366 3979 3429 quorum
4010 3368 4137 3431 per

2634 3447 2849 3510 omnia
2894 3449 3203 3532 Europae
3239 3469 3464 3511 musea
3505 3447 3809 3525 unicum,
3859 3464 3968 3515 aut
3998 3452 4133 3516 for-

2632 3561 2697 3610 te
2755 3548 2886 3612 duo
2941 3563 3186 3612 tantum
3257 3564 3512 3614 exstant
3574 3551 3920 3637 exempla,
3985 3575 4130 3618 cer·

2632 3662 2766 3711 tum
2819 3650 2962 3736 figit
3016 3651 3341 3735 pretium3
3422 3674 3570 3717 cum
3626 3674 3687 3717 e.
3736 3674 3798 3720 c.
3854 3677 4125 3720 aureum

2627 3753 2980 3816 Pescennii
3013 3775 3315 3830 numum,
3355 3754 3467 3839 qui
3498 3755 3725 3819 unicus
3760 3740 3893 3835 est,
3957 3778 4123 3823 saco

2629 3854 2817 3917 libris
2870 3855 3138 3920 Gallicis
3188 3856 3501 3920 aestimat.
3568 3859 3839 3927 Poterat
3886 3861 4121 3925 eodem

2630 3957 2775 4040 jure
2825 3958 2966 4042 ejus
3012 3959 3304 4042 pretium
3357 3957 3559 4040 duplo
3611 3980 3894 4044 augere,
3976 3983 4124 4026 cum

2629 4080 2774 4137 res,
2852 4080 3017 4144 quae
3094 4062 3368 4144 pecunia
3444 4063 3659 4143 parari
3720 4064 3920 4146 vulgo
3985 4087 4116 4130 non

2629 4175 2937 4246 possunt,
2982 4164 3302 4248 quantivis
3345 4165 3475 4227 sint
3513 4162 3727 4248 pretii.
3785 4166 3951 4227 Mihi
3996 4168 4119 4233 hoc

2624 4265 2776 4328 loco
2824 4265 2998 4328 aliud
3050 4265 3460 4352 propositum
3527 4287 3659 4329 non
3717 4281 3863 4345 est,
3924 4291 4113 4355 quam

2626 4367 2691 4429 in
2740 4387 2989 4453 genere
3023 4369 3343 4435 lectorem
3385 4370 3664 4435 raritatis
3696 4368 3970 4452 gradum
3994 4393 4119 4458 pro

2947 4703 3008 4775 c)
3051 4702 3200 4778 Cap.
3233 4713 3322 4775 79.
3508 4702 3578 4776 d)
3616 4701 3763 4762 Bell.
3793 4706 3904 4763 civ.
3937 4706 4004 4763 L.
4039 4706 4111 4766 ii.
4139 4662 4148 4671 α
4209 4672 4214 4677 ¹
