4509 5584
1133 553 1278 648 [ι’-ιν.

1217 726 1504 792 Numuns
1562 724 1737 790 hunc
1803 741 1892 788 ex
1951 738 2184 786 museo
2249 719 2336 787 ds
2395 723 2637 790 Clevss

1430 825 1921 912 illustravitque
1980 823 2334 908 Belleyus,
2393 827 2635 893 iterato

1124 827 1379 907 ‹³,didit

1125 945 1437 1011 testatus,
1511 928 1910 1015 antiquitatis
1978 926 2168 989 illum
2228 948 2377 992 esse
2436 929 2630 1013 plane

1124 1034 1522 1100 indubitatae
1571 1034 1659 1116 ⁸.)
1747 1027 2047 1094 Praefari
2114 1029 2290 1094 istud
2354 1049 2630 1096 necesse

1116 1140 1281 1218 fuit,
1345 1134 1521 1223 quod
1575 1133 1768 1220 plura
1827 1132 2161 1198 cimelium
2203 1132 2381 1196 istud
2425 1132 2632 1196 conti-

1117 1255 1268 1319 net,
1349 1259 1514 1325 quae
1589 1236 1937 1314 historiae,
2012 1250 2082 1301 et
2152 1235 2627 1318 chronologiae

1121 1342 1570 1409 adversantur.
1660 1340 1899 1407 Vtrum
1955 1339 2159 1418 velis,
2219 1338 2434 1422 arguit
2475 1335 2631 1400 Hel-

1111 1446 1337 1530 leyus,
1429 1462 1549 1506 seu
1626 1437 1781 1506 vivo
1855 1441 2174 1524 Traiano,
2259 1447 2390 1503 seu'
2455 1459 2630 1502 mor-

1111 1562 1229 1611 tuo
1304 1544 1630 1627 signatum
1700 1555 1980 1621 statuas,
2060 1545 2245 1612 inter
2316 1541 2627 1603 malleum

1115 1663 1186 1714 et
1266 1645 1574 1710 incudem
1652 1643 2107 1729 deprehensus
2176 1664 2261 1736 3es
2348 1643 2626 1710 medius.

1117 1751 1237 1813 Sin
1296 1761 1594 1826 mortuo,
1667 1768 1827 1823 cur,
1901 1746 2149 1831 inquit,
2222 1744 2408 1809 abest
2473 1746 2627 1808 titu-

1110 1854 1214 1915 lus
1262 1852 1500 1919 DIVI?
1554 1847 1838 1924 (tametsi
1895 1848 2108 1911 minus
2155 1860 2413 1932 premat
2455 1845 2623 1911 haec

1110 1951 1519 2029 difficultas,‘
1578 1952 1730 2036 quia
1792 1950 2109 2035 Trajanus
2165 1951 2299 2014 diei
2350 1950 2621 2018 DIVVS

1109 2074 1246 2119 non
1308 2053 1559 2140 potuit,
1640 2067 1987 2140 antequam
2045 2066 2308 2117 senatus
2359 2054 2621 2117 Romae

1106 2157 1681 2223 consecrationem
1737 2170 2001 2220 mortuo
2054 2154 2491 2237 decerneret)
2541 2167 2621 2218 ‚et

1112 2282 1233 2332 cur
1275 2257 1679 2336 Hadrianus,
1725 2258 1838 2344 qui
1881 2278 2035 2321 mox
2078 2257 2416 2326 intellecta
2462 2259 2622 2320 Tra·

1103 2362 1240 2446 jani
1302 2374 1517 2423 morte
1576 2360 1961 2443 Augustum
2011 2379 2158 2424 sese
2220 2357 2423 2435 dixit,
2491 2356 2619 2421 ad·

1107 2465 1240 2529 huc
1289 2462 1530 2526 dicitur
1575 2460 1860 2524 Caesar?
1924 2460 2041 2522 Sin
2092 2460 2283 2537 vivo,
2337 2480 2463 2544 qua
2518 2480 2618 2525 ra·

1106 2566 1289 2631 tione
1324 2564 1495 2626 intra
1530 2564 1822 2627 triduum
1861 2562 2051 2626 feriri
2088 2560 2303 2646 potuit
2342 2561 2450 2624 hic
2500 2582 2616 2624 nu-

1108 2690 1288 2745 mus,
1354 2686 1506 2731 cum
1560 2677 1853 2743 constet,
1914 2667 2297 2748 Traianum,
2360 2678 2615 2747 postea-

1111 2791 1305 2857 quam
1332 2768 1735 2833 Hadrianum
1762 2767 2086 2852 principio
2121 2766 2401 2850 Augusti
2432 2768 2514 2834 V.
2537 2766 2611 2831 C.

1107 2876 1237 2958 870
1287 2873 1354 2935 in
1412 2884 1713 2936 extremo
1773 2889 1892 2933 suo
1953 2868 2188 2931 morbo
2252 2867 2613 2951 adoptavit,

1104 2989 1261 3062 post
1295 2974 1583 3039 triduum
1627 2971 2031 3040 excessisse?
2064 2972 2201 3034 Cur
2232 2968 2473 3034 deinde
2505 2968 2618 3033 ab·

1105 3093 1210 3144 est
1257 3078 1482 3142 titulus
1504 3077 1858 3153 'Parthia-i,
1910 3094 2044 3159 quo
2093 3050 2449 3156 Trajanuni
2478 3071 2615 3155 jam

1106 3202 1277 3247 anno
1328 3181 1769 3266 praecedente
1824 3177 1894 3239 in
1943 3175 2247 3239 omnibns
2309 3173 2442 3238 suis
2496 3194 2614 3237 nu·

1103 3287 1226 3349 mis
1259 3305 1450 3349 usum
1482 3277 1828 3346 novimum>
1880 3279 2189 3362 Denique
2223 3296 2345 3340 cur
2380 3295 2610 3360 pecca·-

1042 3437 1063 3446 ,
1099 3403 1211 3452 tur
1243 3387 1312 3450 in
1345 3384 1682 3449 nominum
1721 3380 1954 3445 ordine
1977 3421 1996 3455 ‚
2044 3378 2304 3466 quando
2337 3377 2607 3444 Hadria?

1100 3512 1224 3552 nus
1299 3489 1643 3571 adoptatus
1717 3482 2033 3549 dicendus
2105 3481 2324 3546 fuerat
2399 3471 2607 3544 TRA-

992 3581 999 3586 “
1100 3590 1362 3656 IANVS
1424 3586 1984 3663 manumve,
2048 3604 2181 3647 non
2232 3583 2605 3646 HADfflA-

1100 3693 1273 3758 NVS
1324 3685 1820 3753 TRAIANVS?
1877 3687 2064 3749 Haec
2113 3683 2439 3778 paradoxa
2485 3685 2646 3747 im·-

1101 3796 1336 3879 pulere
1400 3791 1786 3873 Belleyum,
1857 3801 1930 3851 ut
1989 3784 2337 3861 crederet,
2398 3786 2603 3851 Ploti-

1098 3917 1270 3974 nam,
1303 3914 1494 3982 quam
1525 3903 1778 3956 constat
1807 3909 2036 3954 omnes
2069 3887 2441 3953 adhibuisse
2470 3911 2603 3954 ma·

1097 4000 1357 4076 chinus,
1416 4010 1491 4061 nt
1538 3995 1618 4060 ab
1673 4006 1948 4079 aegroto
1996 3993 2231 4057 marito
2282 3990 2600 4055 Hadriani

1096 4104 1197 4169 sui
1227 4101 1648 4186 adoptionem
1681 4109 2148 4181 extorqueret,
2197 4094 2293 4159 sic
2327 4108 2400 4158 ut
2423 4108 2598 4160 teste

1095 4209 1316 4271 Dione
1357 4203 1749 4268 crederetur
1790 4199 2025 4276 etiam,
2071 4212 2278 4263 totum
2317 4199 2446 4262 hoc
2491 4196 2601 4262 ad·

1098 4308 1382 4395 optionis
1430 4304 1771 4389 negotium
1815 4302 1898 4365 ab
1942 4321 2150 4364 uxore
2194 4299 2404 4365 inscio
2440 4303 2600 4364 Τει-

2704 2782 2832 2831 ‘ter
2900 2769 3319 2854 adoptionem
3337 2776 3344 2786 ²
3384 2768 3735 2847 Hadriani,

2712 4197 2939 4262 literas
3005 4195 3373 4283 adoptionis
3427 4194 3698 4278 accipit,

2710 4299 3026 4384 deinceps
3071 4298 3356 4364 natalem
3407 4295 3773 4382 adoptionis
3823 4295 4194 4360 celebrarit.

2337 545 3080 630 HADRIANVS.

2748 742 2894 788 mos
2919 722 3168 788 similes
3190 720 3434 790 furtive
3461 741 3651 789 cusos
3679 722 3999 809 sparsisse
4024 725 4231 791 inscri-

2712 839 2865 912 -pto
2908 826 3225 891 Hadriani
3273 825 3571 892 Caesaris
3607 826 3914 907 nomine,
3965 841 4040 892 ut
4085 848 4226 892 vere

2746 950 2786 994 a
2861 928 3146 1013 'rs-ajano
3222 926 3569 1013 adoptatus
3645 928 4056 994 crederetur.
4135 931 4229 991 En

2746 1028 2865 1094 tibi
2910 1030 3175 1115 Belleyi
3218 1030 3631 1115 conjecturas
3675 1031 4073 1099 verisimiles
4109 1033 4235 1117 qui·

2744 1130 2938 1211 dem,
2990 1146 3210 1197 tamen
3251 1132 3335 1197 ad
3370 1132 3821 1216 explicandam
3846 1137 4047 1198 'numi
4087 1143 4226 1200 v'ere

2743 1234 2990 1321 antiqui
3024 1235 3437 1299 insolentiam
3473 1237 3846 1310 necessario
3876 1236 4223 1302 arcessitas'.

2741 1338 2832 1399 Et
2878 1357 3040 1402 vero
3081 1357 3244 1421 opus
3281 1337 3829 1422 deproperatum,
3877 1345 3953 1403 et
4000 1359 4125 1403 non
4165 1337 4222 1398 in

2743 1438 2880 1503 otio
2942 1440 3317 1504 confectum
3373 1454 3657 1524 arguunt
3707 1461 3842 1504 non
3890 1440 4088 1505 modo
4129 1461 4226 1504 no·

2742 1542 2917 1606 mina
2970 1541 3284 1606 Hadriani
3333 1541 3540 1619 male,
3600 1555 3672 1604 ut
3715 1541 3890 1618 dixi,
3942 1541 4065 1605 sibi
4105 1561 4225 1605 suc·

2744 1644 3078 1721 cedentia,
3128 1643 3247 1708 sed
3294 1644 3491 1708 etiam
3541 1666 3692 1727 pars
3741 1644 4022 1709 adversa
4075 1645 4220 1707 nisle

2739 1767 2894 1810 eum
2957 1768 3186 1812 aversa
3247 1747 3508 1811 sociata.
3607 1745 3876 1809 Etenim
3930 1747 4000 1808 in
4056 1759 4219 1829 parte

2739 1848 3016 1916 adversa
3105 1869 3456 1912 numorum
3543 1848 3807 1932 Traiani
3904 1863 4220 1932 postremo

2741 1952 2883 2035 ejus
2958 1951 3229 2017 biennio
3305 1951 3711 2037 signatorum
3763 1965 3927 2016 tam
3999 1964 4222 2015 tantum

2709 2055 3061 2118 -omittitur
3101 2031 3328 2118 titulus
3359 2052 3857 2130 PARTHICO,
3869 2052 4193 2138 qnando
4176 2074 4223 2113 ts

2732 2154 2804 2221 in
2863 2171 3118 2242 partem
3160 2177 3455 2223 aversam
3493 2155 3619 2220 fuit
3663 2156 4016 2239 trajectus3
4074 2174 4220 2239 ergo

2732 2257 2789 2322 is
2835 2258 2906 2320 in
2959 2258 3327 2343 praesentis
3369 2258 3553 2320 numi
3595 2258 3804 2321 antica
3841 2256 4220 2322 omittendus

2731 2379 2864 2423 non
2907 2360 3053 2425 fuit.
3139 2364 3326 2446 Ergo
3372 2360 3809 2435 monetarius,
3869 2360 4028 2422 dnm
4075 2375 4217 2444 opus

2731 2475 2964 2546 urget,
3005 2462 3376 2526 inconsulto
3413 2462 3757 2526 matricem
3796 2462 4108 2546 arripuit,
4143 2461 4220 2524 sl-

2728 2564 2937 2628 terius
2975 2565 3241 2647 generis
3266 2565 3515 2632 aversis
3555 2563 3962 2628 destinatam.
4006 2565 4219 2628 Posset

2727 2663 2839 2730 hic
2896 2687 3131 2730 numus
3177 2667 3406 2751 juvare
3451 2665 3909 2742 Dodvvellum,
3985 2666 4094 2752 qui
4137 2665 4218 2726 in·

3814 2781 3885 2832 et
3953 2779 4216 2831 mortem

2731 2861 2994 2957 Traiani
3027 2890 3263 2934 annum
3300 2870 3660 2955 interponit
3687 2857 3791 2954 ¹³),
3835 2871 3897 2933 si
3929 2891 4054 2955 qna
4085 2889 4216 2952 pos·

2729 2986 2832 3036 set
2868 2992 3015 3037 csse
3049 2972 3286 3036 fiducia
3313 2973 3390 3034 in
3424 2993 3626 3037 numo
3661 2973 3894 3050 unico,
3937 2986 4007 3036 et
4037 2990 4212 3057 quem

2728 3074 2979 3151 variae,
3021 3075 3368 3158 justaeque
3416 3094 3649 3140 causae
3691 3073 4008 3139 fratribus
4047 3073 4211 3137 dissi-

2727 3176 2954 3241 milem
2991 3190 3295 3261 arguunt.

3084 3378 3868 3464 V.C.870P.1Y.n7.
3925 3371 3952 3396 ”

2663 3499 2672 3506 “
2735 3497 3260 3566 AVGVSTVS.
3323 3502 3456 3566 ΤΒ.
3507 3505 3579 3568 Ρ.
3632 3500 3824 3565 coS.
3871 3501 4080 3566 DES.
4123 3499 4203 3562 11.

2816 3605 2890 3667 P.
2927 3602 3027 3666 M.
3073 3605 3144 3666 Ρ.
3181 3606 3257 3669 Ρ.
3307 3601 3507 3667 ΘΡΤ.
3550 3590 3851 3667 GERM.
3895 3605 4120 3667 ΠΛΟ.

3296 3705 3644 3769 PARTH-

2723 3823 3044 3907 Quinctio
3074 3821 3327 3907 Nigro,
3377 3824 3446 3887 C.
3486 3826 3841 3905 Vipstanio
3877 3823 4201 3905 Apronia-

3333 3947 3417 3988 no
3457 3945 3589 3988 cos.

2794 4093 3163 4159 Hadrianus
3225 4094 3307 4161 V.
3377 4092 3523 4157 idus
3584 4093 3756 4174 Aug.
3821 4090 4197 4157 Antiochiae

3774 4215 3978 4279 quem
4037 4193 4196 4256 diem

1094 4415 1245 4497 jano
1273 4411 1476 4474 fuisse
1506 4419 1881 4492 peractum,
1915 4403 2277 4479 Plotinam,
2312 4402 2597 4489 inquam,
2710 4404 2821 4469 111.
2877 4401 3023 4465 idus
3072 4403 3246 4486 Aug.
3286 4419 3594 4465 excessus
3643 4400 3911 4484 Trajani
3948 4399 4197 4462 nuncia·

1094 4516 1248 4581 vivo
1303 4516 1550 4589 adhuc,
1607 4506 1728 4572 scd
1778 4508 2132 4592 languente
2188 4505 2424 4568 marito
2480 4527 2597 4570 nu-
2707 4518 2849 4581 tur,
2900 4504 3012 4591 qui
3047 4503 3190 4567 dies
3222 4500 3758 4568 subindenatalis
3795 4502 4064 4587 imperii
4093 4502 4194 4564 lu·

1094 4687 4195 4722 mmm

1172 4834 1232 4900 a)
1277 4828 1342 4886 B.
1374 4831 1435 4883 L.
1467 4826 1637 4882 Mem.
1666 4826 1835 4883 Tom.
1864 4822 2071 4886 XXIV.
2106 4843 2168 4901 p.
2190 4832 2284 4896 39.

2433 4821 2504 4892 b)
2543 4820 2825 4896 Append.
2859 4820 2938 4881 ad
2965 4821 3206 4880 dissert.
3237 4821 3534 4898 Cypriane
3557 4818 3785 4877 XXXX.
3815 4839 3943 4898 seq.
