4509 5584
1807 505 2149 579 NERO.

429 677 776 757 clauserit3
845 695 994 737 nam
1072 672 1318 737 diserte
1389 671 1737 734 Suetonius
1798 670 1919 750 ait,

430 784 769 846 Neronem
829 775 1136 840 clausisse
1203 776 1424 836 Ianum
1498 788 1635 837 tam
1697 777 1919 850 nulla,

429 903 625 964 quam
670 882 934 943 residuo
979 877 1172 940 bello.
1234 875 1304 936 Si
1356 874 1569 952 nullo,
1621 896 1784 959 ergo
1836 896 1920 939 ex

429 1004 619 1047 causa
644 984 838 1067 justa.
896 979 1138 1045 Vtrum
1163 975 1412 1058 rejecta
1448 974 1671 1038 Orosii
1705 990 1924 1040 aucto-

428 1087 618 1148 ritate
682 1081 856 1144 istutl
902 1079 1112 1141 Taciti
1176 1077 1612 1161 fragmentum
1656 1078 1802 1160 jure
1851 1077 1921 1138 in

429 1184 811 1250 adulterinis
843 1192 1027 1265 putet
1054 1182 1404 1241 Massonus
1437 1182 1526 1256 ⁸),
1571 1181 1924 1243 ’vehemen-

429 1301 535 1351 ter
578 1286 860 1367 ambigo.
926 1279 1260 1347 Vocabula
1304 1280 1554 1344 PACE.
1602 1281 1922 1348 TERRA.
1979 1279 1984 1282 ’

377 1387 858 1480 ’ΜΑΒΙρῩῈλ
930 1381 1231 1443 PARTA
1301 1379 1544 1442 habent
1600 1382 1922 1448 formulae

431 1490 923 1569 modum3‘nam
961 1483 1194 1545 iisdem
1221 1482 1423 1544 utitur
1455 1481 1648 1545 etiam
1677 1484 1926 1563 Livius,

434 1613 585 1659 cum
603 1591 893 1654 clausum
915 1586 993 1649 ab
1017 1587 1310 1668 Augusto
1337 1585 1559 1645 Ianum
1588 1601 1807 1650 narrat
1834 1584 1926 1669 b),

431 1708 500 1758 et
536 1691 886 1756 Suetonius
933 1690 1015 1769 c).
1098 1686 1318 1748 Clusit
1368 1705 1492 1767 pro
1536 1688 1784 1752 elausit
1818 1689 1926 1752 ad-

431 1796 560 1857 huc
592 1791 876 1856 Neronis
911 1803 1119 1853 aetate
1154 1784 1434 1850 valuisse
1456 1829 1474 1861 ‚
1543 1809 1672 1850 non
1712 1790 1925 1853 solum

430 1897 502 1984 hi
523 1894 704 1959 numi
732 1889 1042 1976 probant,
1080 1889 1199 1952 secl
1228 1901 1297 1950 et
1331 1888 1586 1953 Seneca
1622 1879 1951 1971 coaevus,

433 1998 546 2084 qui
582 1994 818 2081 passim
864 1992 931 2054 in
977 1989 1288 2075 operibus
1328 1988 1461 2053 suis
1501 1992 1765 2056 cludere
1798 2014 1923 2077 pro

436 2101 741 2166 claudere
772 2092 1126 2178 usurpavit.

435 2301 518 2396 Q.
691 2296 968 2362 NERO.
1036 2293 1498 2390 CLAVDIVS.
1564 2294 1936 2365 CAESAR.

687 2400 893 2469 AVG.
947 2396 1427 2460 GERMANIC.
1521 2398 1735 2480 Caput
1785 2405 1931 2464 lau·

692 2515 987 2576 reatum,
1026 2498 1177 2562 vel:

432 2605 515 2667 R.
685 2599 954 2666 NERO.
989 2587 1307 2668 cmvn.
1334 2598 1697 2664 CAESAR.
1718 2601 1922 2669 Ave.

676 2702 1158 2766 GERMANIC.
1179 2704 1391 2783 Caput
1405 2708 1763 2780 radiatum,
1781 2705 1921 2768 vel:

437 2809 504 2870 S.
687 2802 957 2867 NERO.
1025 2799 1495 2870 CLAVDIVS.
1559 2803 1926 2869 CAESAR.

675 2906 880 2974 AVG.
910 2904 1505 2971 GERMANICVS.
1547 2906 1760 2990 Caput
1783 2909 1928 2968 lau-

671 3019 951 3070 reatum.
998 3066 1006 3074 ,

440 3110 706 3176 ΡΟΝΤ.
734 3108 871 3170 vel.-
918 3105 1270 3169 PONTIF.
1303 3106 1516 3171 MAX.
1556 3108 1694 3168 ΤΒ.
1721 3106 1927 3172 ΡΟΤ.

433 3212 542 3276 vel
558 3208 934 3273 POTEST.
968 3210 1144 3269 IMP.
1180 3210 1254 3290 ξ.
1289 3210 1375 3273 P.
1393 3214 1465 3271 in
1494 3211 1652 3271 aliis
1676 3211 1933 3283 addito,

435 3318 508 3377 in
530 3315 691 3377 aliis
718 3313 962 3373 omisso
983 3299 1061 3374 ’8.
1093 3309 1167 3375 C.
1203 3307 1382 3372 Nero
1425 3311 1628 3392 longa
1653 3311 1932 3373 indutus

436 3427 615 3478 veste
632 3416 851 3495 eapite
879 3413 1184 3473 laureato
1213 3412 1532 3493 gradiens
1546 3411 1699 3492 lyra
1718 3413 1926 3475 canit.

437 3515 520 3577 In
570 3513 912 3576 nonnulle‘s
986 3513 1061 3574 in
1102 3515 1237 3574 imo
1279 3522 1611 3594 comparet
1667 3524 1830 3572 nota
1874 3511 1926 3573 1.

437 3616 602 3678 Sunt
636 3613 812 3679 obvii
843 3611 986 3677 ΑΕ.
1010 3601 1128 3690 112,
1166 3611 1376 3699 aliqui
1389 3611 1471 3675 ad
1509 3614 1630 3679 111.
1649 3611 1928 3676 formam

438 3716 776 3782 accedunt.
1339 3767 1344 3774 .

559 3816 757 3879 Numi
811 3829 964 3880 sunt
1023 3815 1265 3879 funesti
1319 3818 1619 3878 Romano
1677 3812 1928 3877 nomini

443 3919 830 4004 argumenti.
915 3920 1274 3994 Auctores,
1343 3917 1456 4002 qui
1496 3916 1778 3979 Neronis
1822 3935 1936 3978 res

439 4034 653 4105 gestas
699 4019 1144 4104 descripsere,
1206 4018 1456 4101 copiosi
1494 4031 1644 4080 sunt
1680 4017 1748 4078 in
1797 4036 1932 4079 me·

435 4121 745 4186 moranda
818 4122 957 4203 ejus
1035 4119 1309 4195 insania,
1402 4139 1527 4201 qua
1599 4117 1655 4179 is
1728 4135 1932 4191 voce,

437 4237 665 4301 cantu,
725 4223 972 4286 cithara
1005 4219 1342 4285 excellere
1382 4239 1612 4282 omnes
1645 4216 1933 4280 omnium

504 4468 567 4539 a)
605 4443 732 4523 Iani
763 4461 969 4538 templ.
998 4472 1237 4519 reserat.
1272 4461 1430 4517 Seet.
1451 4460 1524 4517 11.
1561 4477 1687 4534 cap.
1711 4471 1758 4517 1.
1792 4460 1844 4528 ς.
1866 4467 1931 4524 5,
1972 4467 2029 4514 et
2062 4454 2343 4515 Seot.1V.
2374 4474 2425 4513 e.
2444 4467 2498 4521 3.
2528 4459 2579 4528 ᾖ.
2596 4461 2653 4522 6.

1486 4549 1548 4620 e)
1587 4543 1751 4623 apud
1773 4545 2014 4603 Lucian.
2051 4544 2113 4600 in
2141 4543 2398 4602 Nerone.

1973 4633 2057 4705 ⁴i)
2097 4633 2248 4689 Ann.
2270 4630 2426 4693 XIV.
2460 4642 2542 4695 14.

432 4557 584 4632 Aug.
619 4566 781 4615 c.22.
914 4627 918 4631 ,
950 4548 1020 4624 d)
1062 4553 1317 4626 Cap.20.

434 4658 528 4706 20.
551 4656 638 4707 21.
670 4655 757 4706 22.
891 4642 964 4716 h)
1003 4638 1234 4700 1..1.x1.
1264 4651 1371 4705 20,
1412 4648 1473 4694 et
1506 4635 1711 4694 Lxm.
1740 4646 1792 4700 s.
1821 4646 1874 4709 9.

435 4737 592 4820 645..
709 4733 799 4805 m)
837 4729 910 4792 V.
937 4729 1009 4789 H.
1038 4727 1228 4786 1..111.
1264 4736 1422 4792 c.43.

3377 547 3524 632 ‚22⁵

2034 675 2334 738 locorum
2434 679 2834 766 praecipuos
2926 687 3089 750 artis
3183 696 3531 780 magistros

2032 776 2269 853 voluit,
2352 780 2476 841 etsi
2531 794 2661 845 tam
2719 786 3079 850 miserabili
3143 793 3286 876 ipse
3357 816 3533 866 esset

2033 895 2233 955 voce,
2300 899 2491 964 quam
2539 885 2872 967 exiguam,
2935 908 3003 952 et
3045 891 3297 958 fuscam
3343 916 3537 966 vocat

2037 977 2388 1043 Suetonius
2419 980 2521 1063 d),
2565 998 2636 1047 ut
2664 985 2866 1049 risum
2901 992 3129 1071 simul,
3173 995 3533 1088 fletumque

2037 1079 2541 1144 auscultantibus
2609 1088 3053 1171 exprimeret,
3129 1097 3251 1159 etsi
3311 1104 3534 1167 Muso-

2035 1180 2249 1258 nium,
2308 1182 2416 1265 qui
2465 1189 2723 1249 canenti
2772 1189 3097 1269 interfuit,
3179 1181 3396 1264 mitius
3443 1201 3539 1268 vi-

2039 1280 2306 1345 deamus
2368 1284 2691 1365 judicasse
2734 1277 2859 1371 ²).'
2913 1295 3247 1360 Processit
3318 1295 3538 1369 tamen

2039 1382 2257 1445 invitis
2290 1385 2495 1448 Musis
2543 1387 2608 1448 in
2652 1390 2864 1474 ipsum
2909 1395 3266 1477 theatrum,
3329 1403 3543 1471 illato·

2043 1506 2170 1568 que
2196 1485 2259 1546 in
2285 1484 2500 1548 album
2522 1491 2966 1571 profitentium
2994 1498 3534 1571 citharoedorum

2042 1606 2160 1649 suo
2210 1588 2474 1653 nomine
2527 1591 2766 1655 cecinit
2816 1595 3079 1677 publice
3112 1623 3244 1665 non
3283 1607 3535 1674 Romae

2041 1686 2281 1765 modo,
2339 1691 2458 1752 sed
2499 1692 2690 1755 etiam
2746 1699 3079 1778 quoniam,
3146 1718 3216 1767 ut
3261 1706 3543 1789 serebat,

2039 1791 2175 1851 soll
2193 1792 2441 1854 scirent
2474 1796 2709 1856 audire
2735 1796 3002 1875 Graeci,
3032 1806 3164 1865 soli
3190 1829 3286 1882 se,
3312 1824 3379 1871 et
3400 1824 3542 1874 stu-

2025 1895 2186 1986 diis,
2205 1895 2350 1954 suis
2377 1908 2594 1958 essent
2617 1897 2811 1977 digni
2845 1895 2923 1978 ί),
2959 1902 3270 1985 Neapoli,
3305 1928 3381 1971 ac
3408 1923 3542 1973 tan-

2042 1979 2194 2054 dein
2277 1992 2566 2058 instituta
2635 1998 3045 2080 profectione
3121 2005 3189 2067 in
3263 2009 3534 2077 theatris

2038 2091 2349 2159 Achaiae.
2434 2085 2537 2158 Et'
2561 2085 2929 2165 instituerat
2987 2105 3309 2189 quoddam
3372 2113 3541 2177 miri-

2039 2207 2177 2255 tum
2216 2215 2489 2278 eorpus,
2548 2216 2721 2281 quos
2746 2203 3194 2285 Augustanos
3244 2213 3539 2291 vocabat,

2033 2298 2159 2380 *qui
2197 2295 2355 2384 jussi
2385 2312 2613 2376 erant,
2659 2320 2822 2364 voce
2862 2324 2937 2366 ac
2972 2326 3271 2372 manuum
3302 2314 3536 2397 plausu

2046 2398 2390 2462 celebrare
2439 2414 2781 2465 canentem
2824 2403 3207 2488 Caesarem,
3255 2403 3546 2498 compel-

2044 2496 2239 2562 lando
2270 2520 2420 2563 eum
2435 2503 2846 2582 Apollinem,
2876 2519 2944 2568 et
2975 2530 3176 2574 unum
3210 2516 3389 2578 velut
3417 2520 3543 2599 Py-

2045 2601 2282 2664 thium.
2364 2600 2497 2693 Qui
2526 2602 2717 2685 plura
2772 2603 2855 2667 de
2898 2607 3020 2670 hae
3073 2609 3217 2692 ejus
3255 2618 3538 2678 musices

2041 2700 2223 2763 rabie
2267 2701 2484 2778 volet,
2551 2704 2740 2768 adeat
2794 2706 3179 2771 Suetonium
3222 2715 3317 2795 s),
3381 2717 3541 2778 Dio-

2041 2822 2200 2863 nem
2225 2797 2329 2885 h),
2364 2802 2659 2866 Tacitum
2699 2803 2771 2886 ἰ).
2817 2806 2923 2868 Ad
2962 2815 3327 2891 praesentis
3360 2817 3543 2878 numi

1985 2951 1990 2956 .
2043 2914 2269 2985 typum
2338 2905 2692 2986 plurimum
2761 2908 3027 2971 confert
3090 2913 3537 2980 testimonium

2048 3003 2345 3070 Suetonii
2371 3009 2691 3070 narrantis
2720 3003 2820 3088 k),
2866 3010 3164 3092 posuisse
3199 3015 3539 3082 Neronem

1988 3148 1994 3155 -
2042 3118 2311 3168 statuas
2333 3128 2493 3190 suas
2511 3110 2959 3172 citharoedico
2977 3114 3396 3196 habitu„qua
3431 3143 3549 3184 no·

2045 3218 2120 3268 ta
2138 3211 2345 3269 etiam
2369 3225 2638 3270 numum
2649 3214 3000 3291 percussit.
3045 3213 3348 3281 Eundem
3368 3220 3543 3285 hunc

2043 3305 2245 3371 fuisse
2284 3308 2813 3374 citharoedorum
2842 3313 3154 3393 habitum,
3194 3317 3263 3382 in
3298 3319 3544 3385 descri-

2041 3408 2263 3474 hendo
2298 3409 2572 3496 Orpheo
2608 3411 2827 3476 docuit
2860 3416 3178 3501 Virgilius
3220 3416 3303 3503 ¹)=

2168 3512 2312 3577 Nee
2357 3535 2489 3576 non
2530 3513 2875 3579 Threicius
2916 3520 3123 3602 longa
3164 3531 3314 3585 eum
3360 3539 3543 3588 veste

2728 3621 2733 3626 “
2853 3622 3162 3684 sacerdos

2180 3715 2580 3797 Obloquitur
2616 3720 2911 3782 numeris
2938 3736 3184 3804 septem
3214 3725 3542 3792 diser-‘imi-

2855 3842 2945 3882 na
2974 3842 3240 3904 vocum,

2173 3915 2447 3998 Iamque
2488 3920 2716 3982 eadem
2761 3922 3031 4001 digitis,
3058 3907 3063 3910 ’
3080 3925 3224 4001 jam
3276 3931 3542 4008 pectine

2837 4022 3073 4100 pulsat
3100 4025 3368 4090 εὔαν-πο.

2047 4114 2241 4198 Apud
2300 4113 2644 4178 Aelianum
2675 4119 2755 4199 m)
2802 4119 3057 4183 -infelix
3120 4123 3541 4192 citharoedus

2050 4235 2199 4278 cum
2247 4215 2386 4299 ipsa
2431 4217 2597 4281 stola
2646 4220 2783 4301 (συν
2826 4213 2979 4305 aim-y
3006 4225 3193 4307 ς-ολῃ)
3240 4224 3321 4287 ad
3364 4250 3541 4291 aram

2800 4457 2870 4531 b)
2907 4459 2972 4517 Β.
2993 4460 3038 4518 Ι.
3072 4477 3226 4538 e.19.

2557 4547 2613 4617 s)
2653 4545 2812 4605 Suet.
2845 4567 2896 4604 e.
2918 4561 3007 4610 22.

2680 4635 2747 4707 k)
2791 4636 2938 4714 Cap.
2958 4650 3048 4702 25.

3379 4470 3440 4539 οἱ
3484 4469 3541 4525 in

3176 4559 3241 4628 g)
3284 4555 3538 4631 Cap.12.

3183 4641 3235 4715 l)
3273 4643 3538 4705 Aen.Vl.

2786 4817 3052 4878 Mmc
