4509 5584
937 511 1082 595 206

945 698 1277 865 :Largum
1332 775 1557 840 habuit
1616 774 1892 840 testibus
1932 775 2178 854 numis,
2221 799 2440 863 neque

944 883 1416 947 historicorum
1492 896 1661 942 unus
1730 877 2047 963 quispiam
2105 881 2441 959 meminit,

937 986 1115 1048 hune
1174 984 1464 1045 Drusum
1512 977 1725 1062 'fuisse
1784 980 2176 1064 adoptatum.
2279 983 2442 1045 Per·

940 1104 1203 1170 peram,
1283 1081 1522 1159 credo,
1605 1080 1898 1145 eruditus
1961 1083 2280 1146 Beauvais
2359 1081 2443 1146 ad

942 1207 1208 1250 numum
1254 1182 1769 1247 Pellerinianum
1814 1184 1880 1244 in
1933 1184 2194 1248 colonia
2233 1185 2446 1268 signa·

943 1302 1080 1352 tum
1107 1299 1452 1372 provocat,
1506 1285 1573 1347 in
1605 1306 1733 1369 quo
1765 1286 1989 1349 Druso
2027 1289 2336 1348 Caesaris
2372 1285 2449 1346 ti·

947 1390 1122 1454 tulus
1147 1387 1408 1452 additur
1439 1392 1520 1469 Ι).
1578 1389 1640 1448 Is
1666 1387 1733 1447 in
1765 1375 2075 1450 universo
2097 1385 2448 1450 Pellerinii

928 1512 1154 1573 ,opere
1196 1509 1512 1575 nusquam
1556 1502 1997 1564 memoratur,
2057 1509 2255 1573 quem
2304 1508 2449 1552 cer-

944 1605 1013 1658 te
1043 1591 1323 1677 insignis
1364 1591 1420 1655 is
1453 1590 1553 1655 vir
1583 1601 1860 1673 propter
1888 1589 1996 1653 rei
2031 1591 2446 1654 insolentiam

944 1693 1332 1762 descrihere
1396 1711 1533 1756 non
1590 1689 2033 1774 neglexisset,
2105 1691 2165 1755 si
2206 1711 2446 1758 revera

943 1795 1149 1866 Drusi
1190 1792 1471 1860 senioris
1517 1791 1574 1854 is
1606 1814 1841 1868 numus
1885 1807 2080 1858 esset.
2148 1792 2318 1856 Sane
2351 1795 2478 1859 cl.-

945 1897 1266 1962 Beauvais
1311 1915 1466 1957 eum
1509 1887 1766 1957 videtur
1814 1916 2085 1957 numum
2114 1894 2448 1978 intellige-

949 2019 1065 2075 re,
1121 2017 1317 2082 quem
1362 1996 1760 2060 Pellerinius
1802 1995 1871 2056 in
1917 1997 2214 2080 quapiam
2269 1995 2445 2058 Afri-

953 2117 1067 2163 cae
1138 2095 1399 2161 colonia
1451 2116 1680 2160 cusum
1739 2111 2246 2175 commemorat,
2320 2096 2442 2160 sed

954 2219 1151 2285 quem
1204 2198 1419 2281 ipsum
1474 2198 1588 2261 ‘vir
1641 2197 1935 2267 eruditus
1988 2219 2122 2260 non
2164 2199 2446 2277 seniori,

932 2300 1076 2380 ⁸sed
1110 2299 1351 2382 juniori
1385 2299 1606 2360 Druso
1641 2299 1917 2382 largitur
1948 2296 2035 2380 ι3).
2082 2299 2302 2361 Alium
2333 2321 2450 2362 nu-

957 2421 1135 2466 mum
1190 2401 1347 2464 citat
1402 2412 1640 2466 auctor·
1683 2401 1895 2462 musei
1944 2400 2319 2482 OE‘heupoli,
2380 2403 2449 2462 in

961 2523 1092 2588 quo
1130 2502 1306 2583 juxta
1351 2499 1559 2583 capita
1600 2502 1964 2578 Antoniae,
2005 2515 2074 2564 et
2107 2503 2311 2565 Drusi
2350 2523 2454 2565 se-

960 2604 1171 2668 nioris
1207 2602 1659 2686 praetenditur
1700 2602 2093 2687 epigraphes
2135 2600 2454 2666 ANTss·

954 2702 1063 2768 NI
1089 2740 1117 2754 ·
1145 2739 1174 2754 -
1201 2738 1231 2753 -
1261 2699 1528 2767 ΔΡΟΤ.
1557 2698 1822 2769 ΚΑῙΣ.
1855 2700 1916 2766 Γ
1920 2702 2058 2792 1313.
2104 2710 2163 2789 c)
2222 2717 2289 2767 at
2342 2705 2453 2769 vix

959 2804 1160 2869 tidem
1211 2802 1576 2868 merebitur
1619 2819 2111 2874 monumentum
2147 2827 2312 2872 aevo
2342 2805 2453 2870 ad-

959 2928 1221 2985 rosum,
1278 2906 1455 2993 quod
1493 2905 1709 2970 addita
1758 2922 1995 2991 puncta
2037 2908 2205 2973 satis
2236 2923 2452 2973 osten-

963 3008 1159 3098 dunt,
1206 3008 1393 3091 cujus
1438 3028 1660 3072 veram
1695 3009 2100 3094 epigraphen
2138 3012 2306 3075 sistit
2338 3033 2454 3073 nu·

965 3133 1106 3174 mus
1122 3109 1588 3194 integerrimus
1610 3113 1818 3174 musei
1835 3113 2170 3176 Caesarei:
2190 3107 2455 3177 ΔΡΟΤ.

964 3207 1255 3277 ΚΛΑΤ.
1300 3206 1361 3272 Γ
1363 3210 1503 3277 ΕΡ.
1553 3208 2035 3280 ΑΝΤΩΝΙΑ.
2101 3214 2468 3278 Enimvero

965 3313 1023 3376 si
1067 3313 1308 3376 Caesar
1373 3332 1653 3396 unquam
1725 3312 1957 3377 fuisset
2008 3315 2117 3380 hic
2170 3317 2464 3394 Drusus,

969 3435 1120 3477 eum
1178 3414 1439 3478 titulum
1490 3415 1559 3476 in
1626 3415 1845 3497 gentis
1883 3437 2037 3480 suae
2079 3416 2281 3480 decus
2328 3438 2462 3482 non

975 3515 1301 3580 omisisset
1342 3513 1515 3577 filius
1566 3515 1912 3596 Claudius,
1973 3520 2086 3602 qui
2127 3519 2209 3584 ad
2260 3521 2467 3604 impe·

973 3618 1144 3679 rium
1202 3631 1470 3681 evectus
1527 3617 1811 3701 copiosis
1865 3622 1934 3681 in
1977 3624 2155 3685 omni
2197 3623 2467 3687 metallo

972 3719 1187 3784 nuruis
1224 3717 1425 3801 patris
1456 3719 1834 3783 memoriam
1867 3726 2282 3789 restauravit.
2336 3726 2474 3789 De·

942 3819 1131 3883 ‚inde
1176 3838 1311 3882 nou
1344 3816 1570 3897 video,
1629 3843 1756 3908 qus
1800 3824 2056 3889 ratione
2090 3827 2220 3889 dici
2260 3827 2466 3911 possit

948 3961 953 3966 -
981 3922 1289 4004 Augusti
1311 3920 1517 4008 filius
1545 3919 1624 4000 is,
1642 3923 1766 4008 'qui
1798 3923 1865 3985 in
1896 3929 2246 3991 Caesarum
2283 3930 2465 3993 fami-

937 4021 1131 4104 ⁸liam
1156 4041 1286 4107 per
1304 4018 1743 4107 ,adoptionem
1779 4046 1910 4090 non
1952 4029 2271 4095 transivit.
2331 4034 2466 4096 Du-

975 4123 1153 4185 bium
1180 4122 1363 4186 -item
1408 4137 1602 4208 auget
1636 4126 1893 4195 additus
1931 4131 2165 4212 lituus,
2211 4147 2282 4199 et
2312 4135 2468 4197 sim·

974 4225 1278 4309 putrium,
1340 4247 1488 4292 nam
1539 4230 1669 4295 etsi·
1716 4251 1849 4295 non
1889 4250 2247 4320 repugnet,
2308 4259 2460 4302 eum

970 4326 1172 4391 fnisse
1197 4349 1551 4413 augurem,
1587 4345 1802 4401 tamen
1835 4337 2009 4402 istud
2038 4355 2461 4416 monumento

974 4431 1281 4515 quopiam
1306 4433 1573 4515 probari
1605 4439 1855 4523 nequit.

948 4635 951 4642 ’
1048 4643 1111 4713 a)
1150 4637 1299 4699 nist.
1327 4627 1530 4719 abi-eg.
1560 4639 1631 4702 Τ.
1651 4646 1697 4705 1.
1723 4665 1787 4724 p-
1805 4625 1921 4713 86(

816 4731 827 4735 ’
944 4720 953 4726 ’
979 4739 1131 4813 Aug.
1161 4730 1433 4797 tab-VII.
1458 4753 1519 4791 u.
1540 4744 1651 4804 2203

2072 4648 2147 4723 b)
2185 4649 2322 4709 Mel.
2351 4651 2396 4710 1.
2427 4669 2488 4729 p.
2509 4655 2637 4720 260.

1993 505 2460 583 DRVSVS
2507 509 2980 585 tvmton.

1209 676 1468 739 Drusus
1539 671 1762 742 senior
1822 673 2119 740 Caesaris
2176 676 2436 740 titulum
2564 682 2570 688 “

2684 675 3131 746 verisimilior
3181 675 3450 765 quidem
3507 691 3686 744 esset
3724 676 4046 742 nerduini

2556 783 2898 859 sententia,
2924 801 3065 846 eam
3086 780 3490 867 epigraphen
3509 779 3591 843 ad
3603 783 3890 845 Drusum
3908 781 4044 866 jun.

2554 884 2890 967 pertinere
2943 883 3332 950 adserentis.
3425 883 3679 949 verum
3736 902 3857 946 cur
3893 903 4049 946 con·

2557 998 2656 1046 tra
2683 999 3021 1069 receptum
3041 1031 3058 1062 ,
3110 1005 3187 1049 ac
3218 998 3618 1048 constantem
3655 1004 3906 1056 morem
3938 984 4047 1047 hie

2559 1085 2812 1148 Drusus
2875 1086 3112 1166 dicitur
3165 1080 3768 1147 A‘ITOTETOT.
3821 1078 4050 1145 ΤΙΟΣ

2560 1203 2682 1268 pro
2723 1187 2843 1251 TI.
2884 1181 3483 1249 ΑΤΓΟΤΣΤΟΤ.
3524 1177 3801 1247 ΤΙΟΣῚ
3853 1181 4059 1247 Dein·

2563 1286 2687 1361 de,
2737 1285 2914 1371 quod
2951 1286 3128 1350 idem
3166 1287 3285 1361 ait,
3336 1307 3631 1376 aversam
3676 1286 3916 1348 sistere
3946 1304 4059 1369 ge·

2560 1387 2798 1450 mellos
2833 1388 3023 1471 hujus
3049 1387 3273 1465 Drusi,
3304 1407 3558 1450 merum
3593 1401 3694 1450 est
3725 1407 4058 1451 commen·

2559 1501 2738 1570 tum3
2809 1510 2960 1554 nam
3011 1503 3306 1554 veterum
3343 1509 3540 1552 nemo
3585 1487 3913 1575 prodidit,
3965 1487 4058 1552 al·
4113 1571 4130 1581 ὁ

2558 1592 2691 1656 teri
2733 1609 3056 1673 anonymo
3101 1589 3304 1656 fuisse
3354 1611 3597 1655 nomen
3637 1588 4056 1666 Germanici,

2557 1711 2778 1778 neque
2834 1704 3120 1770 constat,
3178 1713 3347 1777 quse
3386 1712 3578 1760 causa
3617 1692 3832 1757 fuerit·
3861 1689 4054 1755 inditi

2557 1792 2788 1858 infanti
2817 1793 3014 1877 hujus.
3045 1794 3368 1872 nominis,
3418 1815 3556 1879 quo.
3583 1815 3801 1879 neque
3837 1806 4046 1879 pater,

2556 1911 2774 1979 neque
2812 1917 2967 1958 avus
3006 1895 3071 1956 in
3109 1908 3370 1959 moneta
3402 1897 3504 1959 usi
3536 1909 3705 1958 sunt.

2685 1995 3016 2063 Vailiantii
3048 1996 3437 2074 lectionem,
3476 1994 3833 2060 secundum
3858 2016 4049 2081 quam

2557 2099 2814 2161 Drusus
2832 2097 2969 2180 jun.
2982 2096 3221 2161 dicitur
3232 2092 3619 2163 ΚΑῙΣΑΡ.
3635 2092 4046 2192 ΑΤΓῼΤΣ-

2562 2195 2788 2275 ΤΟΣ,
2863 2218 2998 2260 non
3070 2219 3326 2277 moror,
3389 2220 3538 2262 nam
3598 2199 3891 2283 sphalma
3956 2196 4055 2261 of·

2562 2298 2698 2364 fert
2729 2319 3078 2378 canorum,
3111 2314 3180 2364 et
3215 2300 3393 2385 quod
3431 2301 3540 2366 vix
3576 2300 3818 2364 cadere
3858 2318 4054 2385 posse

2563 2401 2863 2466 videatur
2913 2402 2980 2462 in
3030 2402 3277 2477 virum,
3332 2402 3445 2488 qui
3495 2402 3688 2467 vitam
3732 2402 3801 2463 in
3850 2400 4058 2485 expli·

2565 2501 2792 2565 caudis
2846 2501 3062 2564 numis
3119 2515 3294 2566 tanta
3354 2523 3503 2566 cum
3558 2503 3752 2567 laude
3809 2504 4057 2585 exegit.

2563 2604 2810 2665 Mirum
2868 2603 3102 2677 etiam,
3178 2604 3246 2665 in
3307 2625 3536 2669 aversa
3590 2624 3742 2669 cum
3785 2602 4057 2666 Tiberio

2563 2705 2769 2766 Drusi
2823 2704 2960 2787 jun.
3005 2703 3144 2767 filio
3202 2706 3522 2790 conjungi>
3554 2704 4059 2779 Germanicum,

2566 2806 2678 2891 qui
2714 2805 2834 2868 illo
2866 2805 3154 2869 nondum
3185 2821 3336 2870 nato
3374 2821 3656 2870 mortem
3690 2808 3820 2890 jam
3853 2806 4057 2871 obivit

2566 2909 2636 2970 in
2680 2907 2901 2991 Syria,
2961 2908 3087 2971 etsi
3125 2908 3302 2970 illius
3359 2909 3694 2985 nativitas,
3753 2923 3820 2972 et
3860 2908 4050 2990 hujus

2567 3009 2783 3073 obitus
2815 3009 2884 3070 in
2916 3010 3211 3074 eundem·
3230 3030 3472 3073 annum
3505 3012 3587 3079 V.
3621 3011 3697 3077 C.
3727 3028 3854 3097 772
3902 3010 4057 3073 inci-

2570 3112 2750 3175 dant.

2704 3217 2888 3296 Ergo
2928 3212 3316 3276 tutissimum
3336 3258 3364 3286 ,,
3391 3214 3568 3276 omni
3603 3211 3687 3278 de
3717 3211 3821 3276 his
3848 3211 4061 3275 numis

2575 3316 2821 3401 judicio
2869 3313 3235 3392 abstinere,
3291 3315 3444 3378 dum
3480 3315 3564 3378 de
3599 3329 3780 3380 certa
3814 3316 4063 3379 anticse

2578 3417 3004 3503 inscriptione
3031 3415 3330 3502 [denique
3372 3432 3651 3481 constet.
3736 3419 4069 3481 Hactenus

2580 3522 2800 3585 editos
2841 3519 2991 3583 labe
3032 3540 3167 3581 non
3223 3539 3489 3596 carere,
3538 3519 3694 3583 satis
3733 3519 3889 3582 inde
3936 3519 4072 3582 col-

2581 3623 2846 3708 ligitur,
2923 3621 3116 3705 quod·
3163 3621 3244 3684 iis
3307 3622 3608 3706 legendis
3664 3619 4073 3684 eruditorum

2583 3724 2823 3809 judicia
2896 3723 3187 3801 variant,
3255 3737 3325 3787 et
3399 3724 3519 3786 hos
3578 3722 3770 3785 etiam
3827 3721 4073 3806 aliquid

2553 3825 2846 3891 -dedisse
2874 3824 3328 3908 conjecturae,
3371 3838 3440 3889 et
3476 3823 3885 3908 supplevisse
3925 3823 4073 3887 lite·

2577 3950 2690 3992 ras
2728 3945 3016 4003 mancas,
3060 3927 3290 3991 saltem
3333 3928 3404 3988 in
3435 3925 3747 3990 Morellio
3778 3937 4068 4003 certum,

2578 4031 2692 4119 qui
2733 4031 2802 4094 in
2847 4051 3052 4093 numo
3089 4021 3677 4112 Schwarzhurgico
3735 4025 4068 4092 confiden-

2549 4146 2684 4198 ποι·
2724 4132 2891 4216 legit
2931 4126 3400 4228 ΔΡΟΤΣΟΣ.
3462 4125 3850 4195 ΚΑΙΣΑΡ.
3903 4125 4068 4193 ΑΤ-

2555 4231 3047 4300 «ΓΟΤΣΤΟΤ.
3107 4228 3334 4296 ΤΙΟΣ
3376 4232 3478 4316 d),
3539 4234 3607 4295 in
3653 4254 3788 4320 quo
3838 4246 4058 4297 tamen

2551 4337 2813 4402 ·eodem
2876 4357 3076 4400 numo
3134 4336 3426 4399 Liebeus
3481 4349 3751 4419 praeter
3802 4368 3834 4386 -
3887 4368 3920 4386 -
3961 4367 3991 4385 -
4031 4368 4061 4385 -

2575 4435 2955 4538 ΚΑΙΣΑΡ.
3008 4433 3323 4500 ΑΤΓΟΤ
3350 4471 3379 4488 -
3410 4471 3439 4488 -
3470 4467 3502 4489 ο
3542 4425 3710 4500 nihil
3756 4436 3925 4501 certi
3969 4436 4065 4502 vi·

2813 4655 2880 4726 e)
2914 4670 3051 4728 pag.
3071 4661 3199 4726 859.
3379 4648 3449 4721 d)
3488 4648 3682 4730 Impp.
3709 4665 3871 4706 num.
3906 4642 4067 4703 dom.
