4509 5584
1410 597 1865 673 AEmvs.
1900 559 2382 672 CAESAR.

332 768 504 832 hunc
541 767 945 850 consulatum
985 766 1221 846 iniret,
1267 780 1378 830 aut
1398 768 1698 851 signatos
1737 786 1819 830 eo

329 870 457 952 jam
489 871 620 936 vita
662 869 911 933 functo.
984 869 1353 954 Vtrumque
1382 890 1463 933 an
1502 868 1822 935 verisimi-

327 971 439 1034 le?
468 971 703 1035 Obstat
732 970 1017 1054 denique
1041 990 1278 1035 numus
1305 971 1499 1053 h‘ujus
1524 970 1819 1033 Caesaris

329 1069 577 1155 Sinope
615 1089 963 1157 percussus
1008 1091 1154 1134 enm
1199 1092 1368 1136 anno
1404 1072 1818 1149 emnam„

238 1205 247 1211 ι
326 1194 408 1237 ex
466 1172 649 1254 cujus
704 1172 959 1236 calculo
1014 1171 1247 1249 confit,
1306 1174 1571 1237 Aelium
1609 1171 1818 1238 adhuc

325 1273 568 1339 vixisse
599 1286 882 1336 exeunte
924 1295 1093 1336 anno
1131 1276 1498 1358 superiore.

455 1376 768 1438 Ceterum
843 1374 968 1438 fuit
1031 1376 1292 1453 Aelius,
1367 1390 1440 1439 ut
1493 1376 1819 1460 Spartiani

325 1475 547 1540 verbis
622 1490 800 1554 utar,
834 1491 842 1499 ·
876 1491 1210 1562 comptus,
1291 1476 1608 1554 decorus,
1682 1479 1824 1561 pul·

324 1576 712 1644 chritudinis
765 1580 1028 1662 regiae,
1104 1577 1238 1641 oris
1298 1577 1691 1656 venerandi,
1751 1578 1824 1639 in

322 1679 453 1744 vita
494 1679 747 1764 privata
790 1680 915 1742 etsi
974 1679 1187 1743 minus
1245 1679 1643 1762 probabilis,
1705 1680 1823 1741 mi-

322 1802 448 1844 nus
505 1795 724 1846 tamen
775 1780 1396 1865 reprehendendus,
1461 1781 1819 1866 eloquens,

323 1894 395 1946 et
435 1881 506 1943 in
545 1882 884 1967 republica
915 1903 1050 1946 non
1102 1882 1368 1947 inutilis.
1450 1884 1525 1945 ln
1559 1883 1823 1966 provin-

327 1983 428 2049 cia
457 1983 655 2048 rebus
699 1997 811 2048 aut
862 1983 1074 2061 bene,
1135 1997 1244 2048 ant
1284 1982 1573 2048 feliciter
1616 1979 1823 2069 gestis

325 2106 462 2150 non
511 2086 803 2171 quidem·
844 2085 1112 2165 summi,
1144 2115 1153 2122 ·
1185 2084 1389 2148 medii
1442 2099 1661 2149 tamen
1706 2088 1823 2150 du·

314 2187 422 2258 ‚cis
462 2186 701 2252 famam
735 2185 1021 2252 abstulit.
1107 2190 1182 2250 In
1217 2188 1658 2272 voluptatibus
1680 2235 1698 2267 ‚
1726 2209 1820 2254 ac

328 2287 609 2353 mollitie
672 2289 939 2366 nimius,
1014 2290 1197 2372 cujus
1260 2289 1528 2373 ingenio
1587 2303 1822 2355 venter

300 2391 561 2454 ·multas
612 2392 768 2457 novi
822 2392 1091 2476 generis
1151 2391 1495 2477 cupediae,
1578 2411 1818 2476 corpus

327 2490 773 2556 effeminatum
833 2493 1101 2570 molles„
1181 2513 1258 2557 ae
1318 2492 1648 2557 delibutos
1705 2516 1821 2557 un-

325 2594 586 2679 gnentis
634 2594 884 2671 lectos,
947 2608 1017 2656 et
1063 2594 1523 2660 adcubationes
1567 2577 1829 2660 debuit:

328 2695 724 2761 cursoribus
762 2695 1158 2779 Cupidinum
1193 2697 1503 2780 exemplo
1542 2696 1678 2760 alas
1713 2697 1824 2761 ad-

324 2800 577 2884 posuit,
635 2798 857 2862 inditis
899 2797 1191 2875 Boreae,
1236 2799 1429 2876 Noti,
1474 2798 1819 2885 Aquilonis

324 2900 720 2964 nominibus.
785 2899 875 2962 At
914 2899 1092 2962 idem
1145 2899 1531 2963 valetudinis
1579 2900 1823 2986 impro-

325 3021 562 3086 sperae
603 3001 761 3082 suit,
822 3001 998 3086 quod
1028 3016 1176 3086 post
1221 3002 1641 3086 adoptionem
1690 3024 1821 3067 ma-

322 3103 502 3166 xime
533 3102 769 3188 patuit,
814 3103 907 3167 sic
947 3117 1020 3167 ut
1053 3104 1192 3186 ejus
1230 3103 1515 3189 adoptati
1547 3105 1819 3170 Hadria·

320 3227 482 3269 num
514 3204 738 3290 paullo
783 3217 935 3288 post
969 3203 1380 3288 poeniteret,
1424 3206 1611 3289 isque
1654 3206 1823 3270 fera·

319 3321 436 3374 ,tur
472 3305 751 3385 dixisse,
808 3326 881 3370 se
919 3305 988 3367 in
1024 3306 1333 3370 caducum
1376 3309 1695 3390 parietem
1729 3310 1823 3371 iu·

324 3407 667 3487 cubuisse,
725 3419 791 3471 et
825 3405 1193 3492 perdidisse
1240 3407 1367 3492 118.
1405 3422 1635 3492 quater
1676 3409 1818 3472 mil·
1854 3445 1863 3454 -

322 3512 487 3588 lies,
532 3509 709 3596 quod
743 3510 1026 3595 populo,
1073 3523 1141 3596 et
1169 3509 1480 3574 militibus
1515 3532 1638 3596 pro
1673 3512 1818 3595 ejus

322 3614 674 3698 adoptione
715 3610 1027 3690 dederat,
1070 3626 1138 3675 et
1172 3610 1301 3702 jam
1333 3625 1466 3676 tum
1498 3613 1581 3679 de
1622 3615 1816 3679 Aelio

322 3717 555 3781 dixere
572 3705 577 3714 ¹
593 3727 805 3778 sortes
832 3711 1234 3798 Virgilianae
1252 3731 1270 3775 ε

462 3817 822 3884 Ostendent
874 3819 1075 3879 terris
1110 3817 1289 3881 hune
1326 3831 1589 3883 tantum
1616 3824 1815 3904 fata,

1212 3937 1418 3997 neque
1451 3921 1636 3982 ultra

450 4022 618 4083 Esse
653 4021 897 4082 siuent.

325 4125 761 4186 consecratus
805 4133 955 4204 post
991 4133 1267 4183 mortem
1321 4138 1451 4181 non
1482 4119 1815 4203 proditur,

327 4236 391 4288 at
433 4237 669 4286 statuas
714 4233 838 4305 per
887 4235 1097 4286 totum
1155 4221 1383 4285 orbem
1448 4223 1817 4299 colosseas,

331 4340 401 4389 et
428 4324 673 4408 templa
720 4323 790 4385 in
834 4307 1163 4387 nonnullis
1216 4323 1487 4387 urbibus
1525 4323 1667 4406 ejus
1702 4323 1819 4388 ho·

331 4427 481 4491 nori
524 4425 605 4491 ab
643 4424 977 4490 Hadriano
1023 4427 1339 4510 imperata
1383 4425 1596 4489 refert
1628 4425 1820 4522 Spar-

332 4529 578 4605 tisana,
637 4527 963 4610 sepultum
1009 4542 1222 4592 autem
1271 4529 1342 4590 in
1396 4541 1817 4632 monumento

330 4629 648 4696 Hadriani
680 4629 1097 4714 Capitolinus
1109 4632 1188 4712 ι).

3296 621 3438 689 52Ἶ

2070 769 2275 829 onr.
2326 764 2538 848 Hujus
2585 785 2826 830 nomen
2869 789 2906 831 a
2939 770 3436 854 ¹Spartianowe·

1935 864 2209 945 ticetur,
2296 867 2409 951 qui
2462 865 2640 931 aliud
2711 869 3212 953 non--prodit,-.
3239 893 3434 957 quam

1934 968 2137 1031 fuisse
2194 967 2460 1032 Aelium
2524 967 2786 1052 Nigrini
2844 990 3206 1053 generum,
3293 975 3436 1058 ejus

1934 1068 2445 1155 ipsius,.quem,
2498 1069 2677 1153 quod
2715 1072 3052 1137 Hadriano
3091 1073 3434 1139 insidiatus

1936 1186 2144 1248 esset,
2225 1172 2580 1237 Faventiae
2641 1172 2911 1256 jubente
2974 1189 3201 1240 senatu
3259 1177 3431 1241 occi-

1934 1294 2076 1336 sum
2123 1273 2253 1337 alio
2303 1274 2455 1338 loco
2503 1273 2934 1358 perhibet-2¹³).
3020 1277 3281 1341 Eodem
3327 1292 3435 1343 au2

1935 1388 2118 1438 ctore
2137 1374 2368 1439 Aelius
2397 1375 2553 1439 huic
2588 1396 2743 1440 snae
2781 1378 2974 1440 uxori
2998 1384 3439 1464 conquerenti

1936 1478 2017 1543 de
2047 1478 2376 1542 extraneis
2409 1478 2550 1558 eius
2582 1478 3019 1563 voluptatibus
3049 1482 3428 1567 respondis·

1934 1600 2007 1643 se
2032 1580 2286 1644 fertur:
2338 1593 2574 1661 patere
2612 1600 2716 1644 me
2743 1603 2866 1663 per
2900 1581 3078 1645 alias
3125 1604 3437 1648 exercere

1936 1683 2342 1762 cupiditates
2386 1702 2611 1763 mea-53
2655 1700 2832 1745 uxor
2866 1682 3043 1744 em'm
3073 1686 3437 1767 dignitatis

1934 1801 2173 1844 nomen
2214 1795 2349 1859 est,
2406 1802 2539 1841 non
2593 1782 3016 1862 voluptatis..
3066 1782 3229 1869 Ejus
3280 1786 3435 1851 reli'·

1922 1902 2058 1965 qua
2087 1902 2210 1947 una
2246 1900 2392 1947 cum
2429 1882 2692 1945 nomine
2720 1882 3218 1952 interciderunt.
3263 1888 3433 1952 Mul·

1928 1995 2001 2046 to
2060 1983 2470 2067 ingeniosior
2517 1981 2703 2049 Occo
2769 1984 3168 2070 suffragante
3235 1990 3434 2054 etiam

1931 2083 2399 2163 Mediobarbo,
2471 2085 2584 2168 qui
2647 2084 2816 2150 hanc
2877 2089 3139 2172 Nigrini
3193 2090 3432 2169 filiam,

1930 2199 2004 2249 et
2057 2185 2235 2249 Aelii
2282 2205 2559 2254 uxorem
2613 2185 3157 2255 fuisse-vocatam
3206 2194 3436 2259 Domi·

1932 2288 2086 2349 tiam
2139 2288 2464 2351 Lucillam
2537 2287 2946 2354 confidenter
3007 2291 3308 2376 quidem,
3369 2309 3433 2359 at

1882 2445 1887 2452 .
1935 2388 2119 2451 nullo
2146 2402 2319 2454 teste
2352 2390 2619 2467 adserit,
2658 2390 2854 2476 eique
2888 2412 3023 2455 non
3058 2415 3297 2477 pancos
3318 2418 3433 2459 nu-

1935 2511 2077 2554 mos
2121 2491 2633 2561 LucillaeVeri
2673 2492 3018 2578 ademptos
3062 2499 3242 2560 nulla
3291 2498 3436 2563 veri

1935 2593 2158 2675 specie
2191 2592 2504 2678 largitur,
2556 2593 2638 2657 de
2681 2616 2803 2678 qua
2843 2596 2959 2660 lite
2999 2596 3188 2679 plura
3231 2599 3438 2663 disse·

1935 2714 2088 2756 rere
2139 2714 2272 2757 non
2329 2693 2551 2770 lubet,
2626 2716 2776 2759 cum
2831 2697 3160 2779 eamdam
3211 2700 3434 2764 unani-

1930 2795 2055 2856 mis
2083 2795 2599 2879 antiquariorum
2631 2815 3017 2860 consensns-
3034 2802 3347 2866 secuerit.

2060 2895 2326 2960 Proles:
2386 2899 2466 2961 L.
2500 2901 2713 2961 Verus
2770 2901 2860 2964 M.
2897 2899 3156 2963 Aurelii
3202 2900 3271 2963 in
3310 2903 3431 2966 im·

1934 3000 2126 3083 perio
2159 2998 2459 3084 conlega.

2062 3100 2310 3178 Fabia,
2372 3099 2556 3183 cujus
2596 3103 2891 3167 meminit
2925 3103 3329 3190 Capitolinus
3358 3105 3430 3171 in

1934 3204 2025 3266 M.
2060 3201 2372 3281 Aurelio,
2417 3216 2486 3267 et
2519 3203 2596 3266 Ι...
2624 3204 2828 3270 Vero.

2454 3386 2494 3424 s
2575 3349 2582 3354 ⁴
2661 3338 2702 3377 ⁸
2870 3387 2910 3426 ο

2060 3508 2255 3570 Numi
2289 3508 2478 3594 hujus
2515 3507 2703 3584 anni,
2747 3508 2858 3594 qui
2891 3509 3155 3574 Aelium
3191 3532 3426 3596 paucas

1932 3625 2179 3675 tantum
2214 3609 2410 3676 boras
2444 3611 2864 3694 superstitem
2897 3613 3095 3692 vidit,
3139 3636 3273 3680 non
3320 3616 3430 3679 ha·

1932 3712 2197 3778 beatur.

2170 3934 2383 3999 Numi
2426 3939 2778 3998 comatis
2819 3939 3182 4019 peregrini.

2056 4118 2333 4203 Insignis
2371 4133 2474 4181 est
2509 4139 2742 4182 numus
2790 4131 3164 4202 argenteus·
3195 4101 3429 4186 droeli-

1930 4239 2074 4283 mae
2125 4220 2422 4304 pondere
2473 4220 2758 4306 signatus
2798 4219 3004 4283 Amisi
3041 4221 3237 4284 Ponti
3271 4243 3425 4288 cum

1931 4341 2099 4385 anno
2134 4320 2343 4402 ΡΞΘ,
2395 4342 2594 4407 quem
2631 4322 2837 4389 vide'
2817 4344 2885 4385 ιιι
2911 4337 3186 4436 moneta
3231 4324 3421 4409 hujus

1931 4424 2146 4503 urbis,
2212 4446 2344 4511 qno
2392 4424 2545 4488 loco
2597 4437 2666 4487 et
2716 4395 3003 4508 iniquam
3062 4425 3421 4492 lectionem

1928 4527 2121 4613 Pagii
2164 4525 2552 4612 perstriuxi,
2620 4525 2691 4588 in
2737 4545 2937 4590 numo
3004 4526 3222 4594 simili
3264 4528 3424 4593 scri·

1931 4643 2119 4713 ptum
2145 4627 2312 4695 ΡΞΕ
2334 4647 2677 4713 perperam
2703 4628 3066 4693 adserentis
3096 4629 3179 4713 ο).
3224 4629 3417 4709 Vide,

323 4767 3415 4810 .-..-------------------.-.---.-.,..

403 4842 467 4912 a)
505 4838 571 4896 In
596 4836 757 4898 Vero
785 4835 895 4895 sub
926 4836 1026 4894 fin.

1175 4835 1245 4906 b)
1285 4832 1353 4891 In
1382 4832 1679 4892 Hadriano
1717 4834 1863 4912 Cap.
1885 4848 1945 4897 7,
1977 4848 2145 4900 «2125.

2298 4837 2367 4908 e)
2400 4834 2604 4896 esitio.
2635 4835 2763 4894 nar.
2790 4834 2868 4893 ad
2898 4853 3028 4894 ann.
3047 4834 3202 4896 chr.
3223 4848 3346 4902 157.
