4509 5584
1100 588 1251 660 435.

1100 743 1307 806 multo
1341 738 1701 802 illustriore
1733 737 1872 803 sive
1908 749 2238 815 auctores,
2288 738 2427 803 sive
2461 759 2595 804 mo-

1096 856 1406 909 numenta
1453 839 1843 925 prodidere,
1889 839 2211 924 colligere
2243 840 2443 923 juvat.

1218 945 1346 1008 Hic
1378 943 1584 1027 patria
1619 941 1946 1025 Hispanus
1990 943 2119 1025 jam
2157 942 2278 1005 sub
2320 944 2589 1006 Nerone

1090 1050 1303 1114 clarus
1339 1046 1607 1110 exstitit.
1668 1046 1837 1107 Nam
1892 1067 1927 1106 a
1984 1044 2085 1105 Fl.
2126 1043 2407 1128 Iosepho
2455 1060 2589 1106 me-

1087 1151 1338 1215 moriae
1384 1146 1750 1233 proditnm,
1810 1169 1847 1209 a
1886 1146 2285 1230 Vespasiano
2333 1144 2584 1208 bellurn

1089 1274 1237 1319 cum
1291 1249 1546 1314 Iudaeis
1597 1262 1875 1335 gerente
1921 1250 2189 1311 missum
2233 1249 2585 1333 Traianum

1085 1355 1371 1440 legionis
1403 1355 1484 1418 X.
1524 1349 1969 1434 praesectum,
2029 1350 2140 1434 qui
2178 1351 2438 1433 Iapham
2475 1340 2588 1415 ex·

1084 1467 1448 1541 pugnaret,
1512 1474 1636 1537 qua
1678 1452 1751 1513 in
1804 1450 2224 1535 expeditione
2276 1452 2585 1516 virtutem

1084 1578 1266 1622 suam
1305 1552 1684 1638 cumprimis
1732 1551 2031 1637 probavit
2070 1556 2153 1636 ⁸).
2234 1552 2418 1616 Idem
2451 1553 2581 1617 alie

1083 1660 1278 1724 etiam
1312 1659 1462 1722 loco
1517 1657 1657 1741 ejus
1693 1653 2022 1729 meminit,
2079 1674 2228 1716 cum
2263 1654 2416 1718 trito
2456 1658 2580 1719 Ta-

1080 1761 1340 1826 richeas
1367 1746 1767 1844 oppugnanti
1793 1755 2083 1819 subsidio
2104 1755 2340 1820 missus
2364 1770 2463 1820 est
2489 1754 2577 1838 ¹2).

1078 1863 1266 1945 Ergo
1300 1874 1580 1945 propter
1612 1857 1923 1925 virtutem
1969 1840 2203 1921 charus
2235 1859 2578 1942 Vespasia·
2627 1950 2636 1957 ο

1075 1982 1196 2038 no,
1259 1963 1373 2047 qui
1432 1982 1586 2025 mox
1629 1958 1973 2045 imperium
2022 1959 2295 2044 adeptus
2358 1960 2580 2045 Traja-

1016 2058 1027 2063 ’
1075 2086 1234 2126 num
1298 2065 1637 2128 consulem
1711 2061 2136 2139 renuntiavit,
2202 2061 2387 2145 cujus
2444 2083 2579 2127 me-

1074 2165 1389 2243 moriam,
1429 2165 1615 2229 fastis
1650 2166 1795 2247 ejus
1822 2185 2067 2229 nomen
2121 2162 2575 2243 reticentibus,

948 2300 953 2307 ·
1069 2273 1249 2351 (nam
1287 2266 1635 2335 suffectum
1690 2290 1839 2331 eum
1879 2266 2078 2329 fuisse
2132 2266 2574 2330 dubiumnon

1070 2374 1203 2454 est)
1236 2370 1659 2453 ponaervavit
1690 2370 1940 2434 Plinius
1975 2367 2228 2452 junior,
2271 2368 2384 2453 qui
2417 2389 2571 2431 eum

1067 2475 1485 2535 consularem
1523 2486 1716 2538 vocat
1745 2474 1826 2554 0).
1887 2471 2168 2540 Videtur
2200 2471 2397 2533 etiam
2433 2483 2573 2532 tum

970 2562 977 2571 ¹
1068 2574 1247 2636 inter
1301 2574 1609 2658 patricios
1664 2574 1866 2638 fuisse
1939 2572 2339 2655 adscriptus,
2416 2592 2576 2658 quo-

1069 2676 1239 2738 n‘iam
1276 2674 1453 2738 idem
1480 2676 1732 2740 Plinius
1767 2678 2001 2753 eodem
2028 2672 2184 2736 loco
2227 2674 2570 2767 patricium

1070 2800 1239 2841 eum.
1307 2799 1569 2864 quoque
1639 2777 1944 2862 appellat.
2060 2776 2164 2836 Ex
2228 2776 2571 2839 consulatu

1068 2894 1505 2965 propraetore
1577 2880 1845 2943 missum
1904 2879 1973 2940 in
2020 2878 2308 2957 Syriam,
2376 2878 2572 2942 doce·

1061 3006 1213 3046 mr
1258 3002 1461 3045 numo
1507 2981 1782 3065 insigni,
1831 2981 1939 3064 qui
1993 2979 2206 3043 editus
2249 2976 2567 3053 exstat-in

1060 3107 1289 3150 museo
1315 3083 1687 3148 Pembrock
1717 3078 1814 3159 ἃ),
1877 3095 1945 3144 et
1974 3081 2100 3164 jam
2127 3094 2316 3145 antea
2344 3079 2565 3164 cogni·

1059 3202 1163 3253 tus
1204 3185 1601 3272 Spanhemio
1630 3187 1713 3266 ⁰).

1338 3324 1367 3341 -
1409 3324 1436 3337 -
1477 3323 1504 3339 -
1541 3288 1721 3353 IMP.
1769 3284 1974 3348 PON.
2012 3316 2096 3332 υ·
2158 3285 2372 3367 Caput
2427 3285 2563 3346 Titi

1350 3391 1754 3452 laureatum.

2344 572 2971 687 TRAIANVS.

2707 744 2958 828 leyum,
3006 742 3115 828 qui
3163 746 3421 810 erudite
3472 745 3554 810 de
3590 748 3717 812 hoc
3757 768 3959 814 numo
4005 751 4208 816 disse-

2705 846 2836 907 ruit
2870 845 2942 927 ί).
3001 848 3089 911 At
3124 847 3309 910 Titus
3338 847 3467 930 jam
3498 847 3653 912 inde
3685 849 3767 913 ab
3809 874 3980 917 anno
4014 856 4098 921 V.
4128 856 4198 921 C.

2703 946 2831 1022 824
2880 948 3296 1032 imperatoris
3343 951 3609 1016 nomine
3654 951 4002 1036 insignitus
4059 956 4201 1019 fuit.

2705 1048 2909 1112 Causa
2965 1071 3125 1116 vero
3190 1050 3596 1116 dedicandae
3670 1055 3823 1118 Tito
3893 1072 4198 1121 monetae

2702 1150 2983 1233 Traiano
3048 1151 3251 1216 fuerit
3313 1154 3627 1231 amicitia,
3688 1169 3884 1240 atque
3937 1158 4204 1241 conjun-

2700 1252 2852 1314 ctio.
2940 1254 3103 1316 Nam
3145 1254 3464 1337 Iosephus
3495 1269 3792 1342 utroque
3826 1259 3981 1322 loco
4021 1283 4056 1323 a
4092 1282 4197 1325 me

2704 1373 2899 1436 supra
2964 1353 3223 1418 laudato
3301 1357 3651 1439 Traianum
3711 1360 3864 1421 Tite
3917 1361 4202 1437 adfuisse

2701 1454 2949 1517 scribit.
3035 1455 3211 1551 Quin
3247 1456 3314 1518 in
3353 1460 3588 1542 Iaphae
3632 1459 4015 1540 obsidione,
4052 1485 4201 1526 cum

2701 1556 3007 1639 oppidani
3039 1558 3169 1641 jam
3195 1558 3296 1621 ad
3323 1573 3618 1625 extrema
3663 1577 3886 1624 essent
3927 1563 4199 1641 redacti,

2699 1657 2918 1719 Titum
2960 1658 3084 1721 sibi
3117 1682 3153 1722 a
3185 1663 3586 1745 Vespasiano
3626 1663 3794 1725 mitti
3820 1666 4197 1746 postulavit,

2693 1772 2767 1821 ut
2814 1759 2881 1820 in
2925 1781 3077 1824 eum
3114 1776 3341 1847 captae
3387 1763 3566 1828 urbis
3597 1778 3827 1850 posset
3867 1767 4194 1834 honorem

2691 1859 3078 1929 transferre.

2823 1964 2926 2024 Ex
2962 1983 3132 2028 anno
3169 1965 3466 2049 epochae
3504 1963 3711 2032 EKP.
3737 1970 3922 2033 certi
3954 1991 4196 2050 sumus,

2685 2083 2961 2126 numum
3022 2065 3196 2130 hunc
3254 2065 3644 2131 Antiochiae
3696 2068 3928 2152 Syriae
3989 2073 4194 2137 fuisse

2691 2163 3014 2250 signatum
3067 2166 3224 2232 inde
3278 2167 3361 2233 ab
3415 2182 3722 2235 autumno
3777 2172 3862 2241 V.
3907 2173 3983 2240 C.
4038 2174 4196 2256 829,

2687 2287 2767 2329 ac
2811 2281 3158 2351 praeterea
3200 2270 3369 2334 certi
3409 2292 3661 2348 sumus,
3711 2272 3889 2358 quod
3936 2296 4020 2338 ex
4056 2276 4197 2338 nul-

2681 2368 2753 2433 lo
2805 2372 3128 2455 scriptore
3193 2380 3526 2452 tenemus,
3632 2374 3986 2458 Traianum
4062 2391 4195 2440 tum

2686 2487 3126 2556 propraetore
3223 2474 3478 2538 rexisse
3563 2475 3841 2557 Syriam.
3955 2480 4194 2564 Neque

2689 2572 2865 2636 istud
2912 2574 3126 2638 solum
3170 2574 3409 2658 insigni
3468 2576 3620 2641 huic
3677 2577 3944 2642 cimelio
3995 2580 4194 2644 debe-

2688 2695 2865 2751 mus,
2917 2695 3159 2753 ‚verum
3207 2676 3408 2739 etiam
3471 2677 3647 2763 quod
3692 2678 3836 2763 ejus
3879 2681 4033 2746 aevi
4082 2702 4192 2747 res

2687 2777 2754 2838 in
2790 2776 2978 2860 Syria
3026 2791 3239 2861 gestas
3277 2777 3604 2855 illustrat,
3658 2793 3730 2842 ut
3774 2780 4049 2866 copiose
4099 2783 4193 2849 vi·

2688 2877 2834 2941 deri
2872 2893 3093 2962 potest
3144 2879 3213 2940 in
3255 2879 3522 2944 ›laudata
3566 2880 3827 2964 Belleyi
3872 2883 4188 2950 disserta·

2684 2980 2903 3058 tione,
2968 3001 3053 3044 ex
3096 3000 3222 3063 qua
3278 2981 3348 3043 in
3391 2981 3512 3045 hac
3554 2982 3917 3049 braevitate
3977 3006 4188 3069 pauca

2673 3083 2895 3145 solum
2936 3103 3251 3167 excerpo.
3318 3083 3573 3148 Plinius
3623 3084 3789 3148 haec
3837 3085 3926 3150 de
3960 3090 4190 3174 Traja-

2679 3205 2768 3249 no
2813 3185 2985 3270 Aug.
3015 3185 3349 3268 praedicat
3377 3185 3476 3265 s)=
3532 3184 3770 3250 Nonne
3809 3189 4186 3254 incunabu-

2674 3287 2745 3348 la
2771 3286 2939 3350 llaec
2975 3289 3126 3363 tibi,
3169 3288 3437 3364 Caesar,
3474 3299 3543 3350 et
3573 3289 3993 3369 rudimenta,
4027 3313 4184 3356 eum

2666 3408 2833 3469 puer
2875 3390 3231 3450 admodum
3269 3390 3607 3461 Parthica
3644 3391 3840 3452 lauro
3877 3391 4183 3473 glorians

1052 3488 1252 3559 Em.
1345 3485 1858 3554 TPAIANOT.
1941 3474 2551 3550 ANTIOXEDN.
2663 3491 2888 3571 patris
2913 3510 3207 3573 augeres,
3246 3510 3607 3570 nomenque
3641 3490 4188 3572 Germanieiiam

1057 3594 1204 3658 ET.
1241 3591 1444 3655 EKP.
1479 3597 1663 3654 itura
1701 3608 2029 3673 eoronam.
2072 3587 2215 3653 AE.

1178 3695 1543 3777 Perperam
1614 3690 1831 3754 editor
1877 3688 2017 3770 ejus
2068 3689 2279 3751 musei
2330 3689 2554 3752 Domi-

1042 3797 1303 3860 ‘tianum
1342 3794 1411 3855 in
1463 3789 1669 3856 antica
1723 3789 2024 3854 exhiberi
2080 3804 2347 3869 censet3
2404 3810 2551 3851 nam

1055 3919 1186 3985 quo
1214 3910 1518 3985 tempore
1551 3915 1785 3957 numus
1821 3892 1927 3954 hic
1966 3892 2253 3975 signatus
2283 3904 2414 3968 est,
2458 3890 2553 3953 ni·

1052 4001 1291 4065 mirum
1348 3999 1428 4068 V.
1462 3992 1535 4062 C.
1586 3997 1748 4080 829,
1828 3993 2241 4079 imperatoris
2293 3993 2550 4056 titulum

1048 4103 1464 4169 Domitianus
1513 4120 1646 4189 non
1710 4097 1969 4173 habuit,
2027 4096 2108 4160 ad
2155 4118 2352 4181 quem
2400 4096 2556 4180 lapi-

1043 4209 1205 4272 ·tlem
1260 4204 1466 4270 nolim
1491 4199 1864 4266 offendisse
1913 4198 2122 4284 ipsum
2174 4198 2370 4262 etiam
2403 4198 2557 4262 Bel-

1124 4443 1184 4510 a)
1225 4432 1373 4489 Bell.
1396 4430 1532 4487 lud.
1564 4430 1631 4489 L.
1652 4430 1753 4488 111.
1786 4441 1913 4490 c.7.
1947 4433 2108 4500 §.„31.

1052 4523 1121 4595 d)
1160 4524 1315 4580 Part.
1339 4520 1442 4578 111.
1474 4518 1707 4582 tab.87.
1884 4519 1945 4590 e)
1985 4518 2155 4574 Toni.
2175 4518 2247 4575 11.
2276 4536 2338 4596 p.
2359 4529 2486 4590 3²9·

1050 4621 1208 4705 ‘³2¹4-
1254 4696 1261 4702 .

2332 4427 2402 4498 b)
2442 4427 2553 4484 l.-c.
2592 4446 2722 4504 cap.
2743 4439 2796 4500 9.
2833 4429 2881 4499 §.
2904 4435 2937 4489 8
2968 4437 3026 4481 et
3055 4442 3184 4502 cap.
3207 4439 3306 4485 ιον
3328 4430 3381 4498 §.
3401 4437 3454 4491 3.

2673 4517 2727 4589 f)
2769 4517 2946 4572 Mem.
2979 4515 3043 4571 B.
3070 4516 3134 4572 L.
3155 4514 3237 4571 T.
3257 4515 3434 4573 XXX.
3460 4535 3519 4591 p.
3541 4526 3665 4578 271.

2672 3605 2814 3654 tum
2841 3612 3180 3667 mererere,
3215 3613 3363 3653 eum
3373 3596 3733 3676 fist-veiam,
3770 3595 4181 3674 superbiam·

2673 3712 2799 3770 que
2847 3692 3247 3754 Parthorum
3273 3692 3369 3773 J)
3404 3713 3493 3756 ex
3525 3699 3837 3776 proxe‘ma
3890 3698 4177 3760 audieus

2674 3812 2913 3876 magno
2946 3806 3194 3855 terrore
3235 3794 3590 3871 cohiberes,
3631 3797 4070 3877 Rhenumque
4109 3812 4176 3861 et

2672 3894 3108 3974 Euphratem·
3131 3896 3601 3958 admirationis
3651 3909 3811 3957 tuae
3841 3900 4176 3960 societate

2639 4032 2642 4037 -
2672 3996 3116 4078 conjungeres.
3159 3995 3493 4058 Habemus
3517 4015 3683 4080 ergo
3707 4010 3961 4061 certum
3989 3998 4178 4063 testi·

2657 4090 2994 4173 monium,
3050 4097 3397 4179 Traianum
3445 4111 3698 4185 patrem
3738 4112 3970 4164 contra
4012 4102 4176 4164 Par·-

2671 4200 2820 4263 thos
2860 4199 3152 4274 stetisse,
3204 4198 3591 4286 laurumque
3634 4221 3711 4264 re
3763 4199 3936 4265 bene
3978 4217 4175 4285 gesta

3675 4429 3738 4497 c)
3777 4424 4000 4501 Paneg.
4035 4446 4089 4482 c.
4114 4441 4170 4494 Q.

3837 4517 3906 4589 g)
3945 4516 4173 4591 Paneg.

1116 4740 1181 4810 ⁴)
1219 4738 1335 4794 Pro
1379 4722 1733 4790 Parthorum
1769 4731 2089 4806 legendum
2138 4750 2268 4791 esse
2316 4733 2694 4791 barbarorum
2732 4750 2854 4790 non
2898 4731 3102 4808 inique
3145 4731 3386 4806 conjicit
3428 4730 3677 4788 Matthias
3727 4729 4061 4787 Gessnerus
4111 4730 4170 4783 in

956 4902 961 4907 .
1046 4828 1190 4892 edit.
1226 4822 1400 4884 Plinii
1422 4822 1660 4901 ‘Lipsiae
1690 4834 1846 4887 1770.
