4509 5584
1756 624 2203 719 NERVA

2578 553 2602 587 1

3385 648 3531 721 405

430 802 549 865 sita
603 801 846 885 justum
908 798 1119 866 virum
1166 791 1420 880 arguit,
1498 812 1646 858 cnm
1712 806 1930 859 tamen
2045 797 2203 860 vulo
2263 793 2661 874 convenire,
2739 798 2999 863 tametsi
3059 798 3331 869 Graecis
3398 808 3582 890 ejus&

429 925 513 969 ex
561 902 783 968 verbis
833 897 1132 964 Suetonii
1169 918 1323 960 non.
1352 896 1635 961 obscure
1664 896 1930 984 colliga-

425 1020 574 1083 tur,
660 1018 1016 1085 utrumque
1084 1014 1224 1063 tum
1286 998 1490 1062 fuisse
1546 998 1926 1084 parvulum,

425 1128 575 1174 cum
606 1119 797 1190 pater
837 1104 1147 1167 Clemens
1179 1121 1413 1167 caesus
1437 1114 1538 1164 est
1553 1147 1587 1177 ‚.
1615 1100 1925 1164 nimirum

423 1211 507 1277 V.
547 1210 623 1274 C.
658 1207 793 1283 848
837 1205 907 1267 in
947 1205 1089 1289 ejus
1128 1204 1339 1289 ipsius
1375 1203 1735 1268 consulatu.
1794 1205 1927 1266 An·

422 1333 512 1375 no
555 1320 873 1395 sequente
918 1326 1147 1371 caesus
1181 1305 1617 1371 Domitianus.
1683 1308 1924 1370 Postea

426 1426 609 1478 certe
680 1408 906 1494 juveni
974 1407 1128 1473 huic
1184 1408 1587 1492 Vespasiano
1661 1419 1926 1471 moneta

423 1514 722 1580 dedicata
770 1504 906 1575 zion
953 1523 1075 1579 est.
1147 1508 1456 1576 Viderint
1499 1529 1664 1595 ergo
1709 1508 1925 1573 erudi-

421 1619 508 1696 ti,
537 1630 875 1743 utrumfa-
900 1612 1047 1679 oris
1071 1611 1468 1678 lineamenta
1494 1610 1750 1697 possint
1778 1633 1926 1697 pac-

2046 896 2192 961 aevi
2233 897 2614 961 monetariis
2662 917 2876 985 neque
2926 891 3176 988 'magna-
3220 927 3365 986 οη,
3428 930 3543 975 ne-

2044 1020 2173 1084 que
2207 998 2544 1063 adcuratio
2576 998 2722 1068 fere
2760 1003 3148 1073 constiterit.
3197 1008 3332 1072 Sed
3362 1009 3541 1075 enim
3611 1026 3618 1037 ‘

2039 1102 2260 1187 placet
2309 1122 2455 1166 rem
2508 1101 2577 1166 in
2625 1102 2846 1169 medio
2894 1106 3298 1194 relinquere.
3386 1112 3547 1179 Om-

2038 1205 2218 1268 nium
2276 1204 2542 1270 minime
2595 1205 2942 1271 ferendum
2997 1210 3140 1293 ejus
3191 1212 3546 1297 judicium,

2042 1305 2155 1393 qui
2216 1326 2516 1372 museum
2570 1284 3163 1377 Pemhrockianum
3219 1316 3545 1402 vulgavit,

2048 1429 2197 1472 cnm
2226 1430 2495 1472 numum
2519 1409 2798 1475 similem
2813 1414 3188 1480 Domitiano
3208 1416 3436 1481 tribuit
3468 1431 3544 1497 8)

2039 1509 2426 1595 Vespasiani
2458 1532 2703 1576 nomen
2738 1512 2927 1580 Titus
2962 1516 3257 1605 quidem,
3301 1534 3369 1586 at
3408 1522 3545 1586 Do-

2038 1609 2343 1676 mitianus
2384 1633 2714 1701 nunquam
2749 1614 2924 1683 tulit.

1356 1891 1463 1956 Μ.
1531 1888 2109 1971 ooooEIVS
2176 1890 2603 1960 NERVA.

474 2060 596 2146 ⁸M.
633 2079 987 2144 Cocceium
1021 2076 1304 2139 Nervam
1324 2117 1342 2151 ,
1387 2092 1552 2159 quae
1595 2086 1745 2137 sunt
1785 2093 1923 2139 om·

420 2183 534 2245 nia
574 2181 717 2265 ejus
755 2179 1018 2243 nomina
1049 2176 1117 2240 in
1154 2180 1487 2239 Marmore
1523 2173 1795 2240 Gruteri
1821 2175 1922 2261 l’),

416 2282 727 2347 Aurelius
776 2281 1011 2350 Victor
1073 2278 1143 2341 in
1204 2275 1590 2342 Caesaribus
1648 2279 1922 2342 Creten-

416 2406 559 2449 sem
618 2383 877 2467 origine
928 2381 1123 2458 facit,
1176 2378 1506 2463 praefatus
1528 2423 1547 2455 ‚
1604 2377 1919 2442 hactenus

414 2508 543 2573 per
573 2484 823 2550 ltaliam
861 2498 1042 2548 ortos
1078 2481 1427 2567 imperium
1468 2479 1760 2558 rexisse,
1806 2479 1919 2544 de·

411 2590 643 2672 inceps
693 2585 1012 2661 advenas,
1075 2584 1245 2649 alter
1286 2583 1522 2650 Victor
1576 2582 1646 2643 in
1690 2582 1919 2666 Epito-

412 2706 525 2753 me
559 2687 802 2775 oppido
839 2685 1186 2750 Narniensi
1218 2685 1510 2768 genitum
1531 2729 1551 2763 ‚
1597 2684 1787 2770 q'uod‘
1808 2706 1920 2750 ve·

413 2793 590 2868 rius;
652 2811 801 2854 nam
855 2800 1108 2853 certum
1163 2800 1299 2865 est,
1364 2786 1650 2871 primum
1696 2787 1916 2872 Traja-

412 2915 570 2956 num
605 2914 690 2958 ex
726 2912 861 2954 non
891 2891 1068 2953 Italis
1098 2889 1302 2953 fnisse
1334 2888 1801 2973 imperatorem
1834 2892 1926 2972 0),-

412 2997 509 3059 sic
575 3009 661 3059 ur
705 2992 997 3060 Victoris
1064 2991 1391 3077 possimus
1464 2991 1912 3055 testimonium

413 3096 771 3180 aspernari.
858 3095 1038 3159 Gens
1074 3084 1234 3159 'non
1298 3114 1702 3179 magnopere
1764 3093 1913 3155 illu-

417 3198 615 3276 stris,
701 3211 921 3263 tamen
983 3217 1069 3260 ex
1135 3195 1579 3261 consulatibus
1638 3196 1911 3279 inclyta,

413 3320 581 3386 quos
636 3299 779 3385 ejus
832 3300 1115 3383 majores
1164 3298 1249 3359 i'n
1282 3298 1452 3362 lianc
1506 3297 1772 3362 domum
1818 3298 1921 3361 iri-³.
1964 3288 1986 3304 ²

414 3403 654 3467 tulere.
743 3400 1107 3464 S'ubductis
1158 3401 1341 3463 annis
1397 3400 1667 3477 LXVI..
1752 3412 1915 3485 quot
1996 3419 2003 3423 ·

2039 2093 2187 2138 cum
2236 2075 2676 2159 Vespasiano,
2728 2087 2798 2139 et
2843 2077 2971 2154 843
3022 2066 3264 2149 consnl'
3303 2082 3541 2144 iterum

2036 2197 2181 2241 cum
2227 2177 2626 2242 Domitiano.
2686 2179 2836 2242 Hoc
2896 2200 3092 2245 caeso
3144 2182 3251 2246 die
3303 2183 3536 2249 XVIII.

2035 2280 2445 2365 Septembris
2483 2281 2569 2349 V.
2603 2280 2676 2344 C.
2710 2281 2836 2364 849
2869 2301 2995 2364 per
3022 2283 3335 2348 virtutum
3365 2305 3542 2349 com·

2031 2382 2517 2447 mendationem
2564 2381 2926 2468 imperator
2974 2384 3182 2450 factus
3230 2401 3333 2450 est
3387 2408 3541 2471 ope·

2031 2506 2172 2549 ram
2252 2485 2746 2549 conferentibus
2828 2488 3146 2553 Petronio
3230 2488 3539 2554 Secundo

2030 2588 2374 2673 praefecto
2408 2587 2778 2672 praetorio,
2812 2602 2886 2653 et
2920 2584 3285 2656 Parthenio
3318 2591 3538 2657 caedis
3671 2662 3676 2669 ,

2032 2690 2405 2777 auctoribus
2444 2691 2532 2770 ε).

2412 2896 2495 2959 V.
2534 2894 2606 2958 0.
2645 2894 2773 2975 849
2808 2872 3009 2960 PJX.
3046 2899 3153 2979 9⁶.

2039 2993 2175 3060 ΤΒ.
2235 2995 2309 3056 Ρ.
2386 2995 2577 3061 COS.
2639 2995 2737 3059 ΙΙ.
2806 2996 3014 3064 DES.
3074 2997 3212 3063 ΙΙΙ.
3287 2999 3362 3062 Ρ.
3427 2997 3546 3060 Μ.-
3606 3022 3609 3026 “

2036 3197 2108 3261 0.
2132 3196 2450 3260 Antistio
2480 3099 2751 3276 Veteri·
2775 3100 3050 3264 1ῧᾷπίἰο
3081 3200 3366 3264 Valente
3396 3222 3530 3264 cos.

2116 3399 2351 3463 Inclita
2426 3420 2554 3485 per
2627 3401 2990 3467 Domitiani
3061 3422 3294 3467 aevum
3374 3404 3532 3469 viti'a

410 3502 698 3571 Ner‘ram
742 3503 985 3569 vi'xi'sse
1044 3515 1365 3566 memorat
1417 3501 1551 3564 Dio
1592 3500 1691 3585 d),
1758 3522 1911 3565 enm
2025 3501 2413 3585 proscribit,
2487 3501 2942 3588 securitatem,
3022 3518 3091 3569 et
3155 3504 3541 3601 liliertqtem

409 3607 593 3671 nasci
642 3605 934 3691 oportuit
981 3624 1149 3669 anno
1192 3606 1274 3672 V.
1304 3604 1376 3669 C.
1415 3605 1564 3686 785.
1650 3605 1912 3667 Docen·

408 3726 479 3773 te
542 3728 909 3786 marmore,
992 3704 1170 3792 qnod
1230 3705 1385 3770 citat
1444 3707 1769 3770 Gruterus
1815 3711 1911 3789 8),

409 3824 690 3876 matrem
732 3807 959 3873 babuit
1000 3807 1300 3892 Sergiam
1334 3807 1705 3873 Plautillam
1745 3809 1909 3872 Lae-

409 3912 576 3976 natis
624 3910 849 3976 filiam.
925 3910 1234 3973 Honores
1282 3922 1534 3973 mature
1590 3909 1783 3986 adiit,
1842 3924 1911 3973 et

407 4034 557 4099 per·
585 4012 925 4099 probatam
970 4011 1154 4076 bello
1197 4009 1506 4075 virtutem
1556 4032 1592 4071 a
1640 4013 1906 4074 Nerone

410 4136 580 4178 anno
636 4117 717 4184 V.
760 4116 833 4179 C.
893 4115 1022 4179 8‘18
1080 4111 1477 4196 triumphale
1538 4109 1776 4187 decus,
1838 4126 1908 4175 et
2022 4113 2096 4172 Β.

411 4215 707 4301 effigiem
765 4214 937 4301 apud
981 4215 1286 4300 palatium
1330 4225 1432 4277 est
1474 4225 1904 4290 consecutus,

408 4338 486 4382 ac
535 4331 687 4380 turtr
715 4317 786 4379 in
830 4339 1066 4382 annum
1110 4328 1496 4402 sequentem
1533 4313 1904 4399 designatus

404 4432 678 4504 praetor
715 4414 788 4501 ¹').
859 4420 945 4488 V.
987 4418 1060 4483 C.
1110 4419 1247 4493 824.
1296 4418 1619 4504 processit
1675 4412 1917 4481 consus

478 4709 542 4779 a)
584 4707 738 4762 Part.
776 4703 878 4762 111:
917 4704 1040 4764 tub.
1076 4715 1164 4767 5¹.
1203 4721 1265 4762 n.
1300 4715 1368 4765 ιι

403 4803 469 4872 e)
510 4815 646 4875 pag.
676 4798 803 4860 246.
1050 4794 1104 4865 s)
1139 4794 1278 4856 Tac.
1311 4795 1463 4851 Anu.
1492 4793 1618 4856 XV.
1652 4804 1738 4855 72·

2026 3809 2105 3872 A'.
2273 3810 2282 3819 ⁴
2310 3809 2487 3875 mP.
2531 3807 2863 3877 NERVA.

1586 4702 1661 4776 b)
1699 4721 1836 4780 pas·
1871 4715 2002 4769 300·
2052 4708 2057 4713 ’

1982 4795 2048 4868 g)
2089 4790 2432 4870 Eutropius.

2023 3623 2099 3666 re
2110 3618 2313 3672 Vocat·

2308 3913 2399 3972 M.
2440 3912 2582 3972 ΤΒ.
2617 3911 2696 3974 Ρ.
2733 3910 2924 3978 COS.
2960 3914 3038 3973 11.
3078 3914 3264 3981 Pc-P.
3310 3917 3526 3997 Caput

2309 4011 2684 4074 laureatum
2701 4015 2775 4074 in
2807 4014 2958 4078 AV.
2984 4015 3149 4080 AR.
3166 4015 3326 4078 AE.
3351 4017 3405 4080 I.
3426 4016 3525 4078 11.

2304 4112 2484 4176 ῙΜΡ.
2532 4112 2858 4180 NERVA.
2910 4115 3158 4179 CAES.
3202 4115 3406 4184 AVG.
3443 4117 3521 4181 P.

2307 4214 2400 4276 Π.
2428 4213 2567 4276 ΤΒ.
2600 4213 2675 4274 Ρ.
2705 4213 2896 4277 COS.
2923 4217 2999 4277 11.
3031 4215 3378 4279 DESIGN.
3411 4219 3518 4282 111.

2305 4315 2379 4376 P.
2398 4315 2473 4377 Ρ.
2513 4313 2727 4397 Caput
2752 4315 3156 4394 laureatam,
3180 4321 3252 4380 ἰη
3276 4318 3435 4382 ΑΕ.
3461 4320 3520 4383 Ι.

2308 4411 2378 4479 bt
2414 4416 2509 4482 lt.
2627 4442 2638 4451 ·
3297 4462 3312 4473 -

2235 4703 2302 4773 c)
2339 4690 2454 4761 Dio
2492 4703 2556 4777 L.
2591 4701 2853 4766 LXVIII.
2893 4709 2942 4780 §z
2969 4717 3022 4769 4.
3268 4705 3338 4781 d)
3380 4707 3421 4769 l.
3458 4729 3508 4766 c.

2744 4889 3082 4953 Eeen·

2910 3810 3155 3875 CAES.
3196 3812 3399 3883 AVG.
3446 3814 3521 3876 P.
3635 3805 3658 3822 ⁸
