4509 5584
932 4709 939 4716 .
1062 4655 1110 4724 ς.
1134 4656 1220 4716 16.

1047 547 1191 672 ms

2239 579 2957 692 HADRIA-NVS.

1054 747 1431 838 Augusteae
1484 749 1980 836 appellationis,
2032 739 2320 816 infrain
2352 752 2544 835 hujus
2658 722 2850 829 fecit,
2911 762 2979 815 et
3023 747 3384 829 dedicavit,
3457 751 3546 815 de
3598 773 3729 837 quo
3807 751 4158 819 videantur

1059 857 1191 922 vita
1220 860 1648 940 exponemus.

1068 1037 1429 1118 Traianus,
1477 1040 1824 1121 Optimus,
1881 1035 2360 1115 Germanicus,
2410 1039 2551 1101 Da-

1479 1140 1695 1214 σίσιισ,
1742 1140 2125 1206 Parthicus.

1050 1297 1063 1305 -
1184 1263 1263 1323 In
1314 1257 1579 1322 nomina
1635 1260 1799 1324 haec
1856 1257 2190 1323 Hadriano
2247 1279 2374 1342 per
2415 1257 2554 1322 ad·

1060 1360 1400 1449 optionem
1423 1361 1532 1444 ius
1569 1373 1848 1445 partum.
1894 1347 2157 1444 Traiani
2185 1380 2427 1425 nomen
2445 1359 2551 1424 ad·

1058 1465 1195 1528 hue
1236 1461 1465 1547 primis
1512 1463 1882 1527 consulatus
1934 1464 2048 1528 111.
2097 1462 2281 1526 annis
2330 1463 2398 1524 iu
2443 1465 2558 1525 nh·

1062 1566 1189 1629 mis
1222 1576 1605 1643 retentum,
1660 1577 1734 1628 ut
1776 1562 1913 1627 dixi
1957 1562 2027 1626 in
2064 1563 2559 1650 prolegomenis

1068 1665 1157 1731 ad
1192 1685 1428 1730 numos
1460 1665 1833 1732 consulatus
1864 1667 1977 1732 m.
2038 1665 2321 1750 Reliqua
2351 1666 2561 1730 nomi-

1060 1790 1150 1833 na
1191 1769 1411 1853 primo
1431 1766 1748 1832 Hadriani
1785 1786 1955 1830 anuo
1998 1757 2220 1845 obvia,
2270 1765 2391 1831 sed
2431 1767 2561 1860 jam

1064 1890 1358 1955 coepere
1400 1868 1680 1935 fastidiri
1719 1865 1903 1932 anno‘
1929 1868 2158 1948 altero.
2244 1869 2443 1947 Nam,
2489 1881 2562 1932 ut
2601 1879 2604 1882 “

1071 1987 1212 2038 mm
1248 1972 1415 2050 dixi,
1455 1972 1527 2033 in
1552 1970 1711 2034 solis
1748 1968 2015 2053 Traiani
2044 1970 2411 2035 consecrati
2445 1990 2562 2033 nu·

1067 2075 1195 2138 mis
1246 2075 1591 2158 leguntur,
1635 2061 1896 2152 ta'ndem
1931 2069 2005 2132 in
2040 2070 2413 2138 consulatus
2444 2075 2555 2140 111.

1063 2189 1330 2242 moneta
1357 2172 1627 2241 omnino
1654 2173 2040 2240 reticentur.

1592 2361 1825 2443 Olym
1832 2362 2050 2440 piet-t.

1092 2503 1097 2510 ·
1191 2477 1527 2552 Insolitam
1558 2477 1749 2556 hauc,
1791 2490 1861 2541 et
1892 2496 2203 2561 superum
2234 2477 2382 2564 regi
2415 2499 2563 2562 pre·

1067 2581 1278 2667 priam
1306 2579 1812 2664 appellationem
1837 2579 2245 2644 Graecorum
2263 2579 2562 2646 ‘adulatio

1073 2687 1222 2748 cum
1278 2682 1614 2748 Hadriano
1666 2702 2082 2747 communem
2145 2701 2293 2746 esse
2342 2681 2565 2766 jussit,

1074 2800 1148 2849 ut
1183 2783 1427 2848 docent
1481 2784 1746 2869 copiosa
1791 2781 2116 2849 marmora
2135 2829 2154 2862 ‚
2210 2784 2566 2870 praecipue

1070 2884 1531 2964 Atheniensis,
1595 2885 1906 2952 et'numi.
1994 2883 2354 2969 Complura
2402 2907 2570 2949 mar-

1063 3008 1261 3051 mora
1299 2987 1476 3050 hunc
1517 2987 1775 3050 titulum
1825 2988 2171 3072 prodentia
2198 2988 2352 3052 vide
2401 2988 2570 3073 apud

1072 3088 1511 3153 Mur-sterium
1542 3090 1863 3171 ⁸).·Numi
1883 3136 1902 3167 ‚
1945 3090 2012 3151 iu
2049 3111 2332 3175 quorum
2364 3091 2573 3155 antica

1056 3190 1345 3276 -reliquis
1372 3187 1693 3253 Hadriani
1727 3191 1931 3255 titulis
1974 3191 2234 3255 additur
2264 3184 2590 3254 OATM-·

1071 3288 1332 3368 nloc,
1419 3304 1569 3355 sunt
1652 3292 1911 3374 Cyzici,
1999 3296 2221 3378 (Mus.
2278 3290 2583 3377 Albani.)'

1060 3381 1348 3477 Ephesi,
1389 3395 1595 3477 (Mus.
1637 3392 1911 3477 Pisani.)
1953 3395 2321 3460 Laodiceae
2361 3395 2573 3478 Phry-

1065 3495 1250 3579 giae,
1318 3495 1735 3580 (Theupoli.)
1794 3497 1987 3560 Tarsi
2046 3498 2117 3559 in
2172 3498 2416 3582 insigni
2476 3510 2569 3560 te·

1070 3597 1734 3662 tradrachmo’musei
1780 3598 2123 3676 Caesarei,
2163 3621 2220 3665 a·
2251 3619 2359 3664 me
2407 3599 2566 3663 olim

1070 3696 1344 3778 vulgato
1374 3695 1473 3775 b),
1547 3710 1617 3759 et
1676 3696 1948 3761 aliarum
1999 3699 2307 3781 plurium.
2396 3695 2567 3768 Con·

1066 3794 1333 3858 ferendi
1367 3794 1509 3878 ejus
1551 3796 1758 3881 elogii
1792 3812 2092 3863 auctores
2133 3801 2325 3865 fuere
2364 3801 2565 3866 Athe·-

1068 3896 1375 3978 nienses‚
1417 3919 1824 3985 nequaquam
1850 3921 2025 3966 novo
2063 3902 2368 3985 ingenio,
2414 3925 2565 3967 nam

1066 4000 1201 4065 hoc
1260 4000 1450 4065 titulo
1499 4001 1630 4084 jam
1659 4001 1946 4085 ⁷pridem
1989 4003 2320 4069 Periclem
2377 4027 2564 4070 suum

1069 4123 1396 4169 ornavere
1445 4105 1583 4169 Iovi
1631 4119 1907 4189 propter
1967 4106 2390 4192 eloquentiae
2434 4109 2566 4172 vim

1072 4209 1515 4289 comparatum
1549 4208 1632 4288 ⁶).
1716 4205 1850 4269 Sed
1888 4207 1957 4268 iu
1999 4207 2331 4273 Hadriano
2376 4231 2567 4274 causa

1067 4306 1235 4384 fuit,
1312 4306 1490 4418 quod
1551 4309 1607 4370 is
1667 4309 1838 4371 Iovis
1894 4305 2215 4393 Olympii
2249 4313 2569 4396 templum

1068 4409 1425 4472 immensae
1479 4408 1671 4472 molis
1715 4409 1886 4493 apud
1934 4410 2378 4476 Athenienses
2421 4433 2570 4497 per-

1134 4569 1200 4637 ι)
1238 4559 1521 4642 Fugam.
1551 4578 1677 4630 235.
1884 4566 1957 4640 b)
1998 4566 2236 4645 Sylloge
2264 4571 2307 4628 Ι.
2341 4590 2475 4646 pag.
2494 4580 2581 4635 47.

1415 4659 1477 4727 e)
1517 4654 1581 4711 L.
1602 4655 1648 4712 1.
1676 4673 1813 4731 pag.
1835 4663 1929 4717 42.

1059 4741 1132 4815 h)
1167 4744 1430 4801 Menum.
1466 4743 1677 4803 Graec.
1706 4763 1842 4823 pag.
1864 4758 1951 4809 57.

1062 4832 1156 4904 m>
1189 4845 1324 4908 pag·
1346 4840 1473 4896 248·
1503 4841 1558 4897 8.

2123 4659 2179 4732 s)
2217 4658 2279 4716 in
2305 4658 2628 4718 Polemone
2657 4682 2719 4739 p.
2739 4673 2864 4728 530.

2148 4747 2199 4822 i)
2239 4751 2401 4808 Orat.
2422 4748 2626 4813 XXXI.
2655 4770 2717 4827 p.
2737 4754 2863 4818 346.

2660 852 3038 937 Spartianus
3056 897 3076 931 ,
3130 851 3262 916 Dio
3292 851 3393 936 ἃ),
3451 853 3810 920 Pausanias
3840 857 3924 938 θ).
4011 858 4161 919 Hu-

2659 957 2765 1040 jus
2817 953 3008 1019 causa
3027 953 3034 958 ’
3052 968 3121 1019 et
3166 952 3306 1016 ludi
3341 957 3697 1042 Hadriana
3754 959 4074 1043 Olympia
4120 980 4160 1019 a

2663 1049 2936 1122 Graecis
2968 1055 3246 1121 urbibus
3281 1059 3524 1140 passim
3568 1059 3933 1138 constituti,
3997 1079 4162 1143 quo-

2662 1180 2811 1223 rum
2853 1158 3219 1223 meminere
3259 1159 3697 1223 Philostratus
3737 1160 3823 1244 ί),
3869 1180 4165 1226 marmor

2666 1262 3068 1346 Cyzicenum
3095 1264 3160 1345 8)
3182 1308 3202 1341 ,
3272 1260 3563 1347 aliaque,
3639 1258 3725 1325 de
3785 1263 4021 1348 quibus
4072 1262 4168 1327 vi·

2670 1361 2756 1427 de
2804 1377 3027 1427 notam
3072 1362 3330 1428 Olearii
3367 1362 3450 1426 ad
3499 1363 3748 1428 dictum
3785 1364 4176 1428 Philostrati

2671 1464 2917 1534 locum.
2975 1465 3245 1549 Biagius
3290 1485 3376 1528 ex
3418 1485 3656 1530 museo
3696 1465 3990 1530 Naniano
4035 1464 4178 1528 vul·

2675 1567 2851 1654 gavit
2881 1588 3059 1631 aram
3104 1565 3465 1631 dedicatam
3516 1563 3985 1630 ΑΔΡῙΑΝΩ..
4027 1563 4185 1627 ΒΑ·

2674 1664 2967 1735 ΣΙΛΕῙ.
3033 1662 3566 1732 oA‘rMHmI.
3651 1665 3802 1732 ΔΙΙ.
3861 1663 4184 1729 ΔΩΔΩ-

2675 1765 2878 1836 NAI.
2920 1769 3273 1833 Hadriano
3298 1771 3691 1848 imperatori
3726 1769 4036 1851 olympio
4069 1767 4182 1830 Io·

2678 1874 2748 1933 νί
2776 1872 3142 1934 Dodonaeo
3170 1864 3264 1952 ιι).
3324 1870 3428 1933 Ne
3461 1882 3681 1951 tamen
3717 1866 3993 1931 nimium
4022 1886 4177 1931 cee-

2643 1967 2832 2036 ”lesti
2862 1972 2993 2058 hoc
3025 1970 3420 2055 cognomine
3451 1991 3598 2036 sese
3633 1969 3874 2034 efferat
3903 1966 4180 2033 Hadria-

2673 2094 2799 2137 nus
2814 2118 2834 2150 ‚
2893 2072 3267 2138 meminerit
3282 2101 3318 2152 ,·
3357 2073 3444 2137 ab
3478 2071 3715 2137 iisdem
3758 2070 4180 2136 Atheniensi·

2669 2173 2798 2239 -hus
2821 2187 2995 2240 teste
3023 2173 3241 2240 Dione
3286 2173 3758 2259 Chrysostomo
3789 2171 4176 2258 Olympium

2672 2297 2938 2363 quoque
2971 2289 3272 2344 vocatum
3300 2263 3503 2342 fuisse
3541 2277 3912 2353 hominem,
3953 2275 4173 2337 incer·

2673 2394 2812 2444 tum
2844 2399 3039 2467 quem
3055 2375 3084 2456 ,’
3127 2397 3213 2441 ex
3244 2378 3523 2463 ignobili
3552 2378 3858 2464 quopiam
3888 2375 4182 2440 Phoeni·

2675 2501 2789 2546 ces
2818 2479 2966 2548 vico
2994 2476 3341 2544 oriundum
3381 2478 3467 2563 ἱ),
3510 2500 3636 2545 nec
3683 2481 3960 2566 longum
4005 2491 4176 2542 tem·

2675 2603 2832 2672 pus,
2889 2595 2957 2647 et
2996 2579 3234 2645 eodem
3278 2580 3544 2646 nomine
3578 2582 3818 2646 Graeci
3871 2583 4181 2644 Commo·

2681 2685 2838 2747 dum
2894 2681 3072 2748 orbis
3115 2694 3372 2768 pestem
3419 2682 3941 2751 cohonestahunt
3995 2681 4181 2747 testi-

2681 2785 2805 2852 bus
2842 2785 3284 2872 Ephesiorum
3322 2789 3555 2853 numis.

3182 2972 3701 3056 Imperator.

2814 3094 3129 3155 lteratum
3162 3088 3243 3153 ab
3275 3090 3610 3156 Hadriano
3644 3088 4066 3175 imperatoris
4114 3093 4192 3154 ti·

2686 3191 2900 3256 tulum
2951 3213 3033 3255 ex
3081 3192 3296 3255 numis
3333 3191 3732 3278 ignoramus.
3810 3193 3974 3256 PIus
4017 3192 4189 3257 lucis

2686 3295 3100 3381 suppeditant
3163 3315 3521 3374 marmora,
3607 3318 3644 3359 a
3691 3294 3929 3380 quibus
3990 3294 4190 3361 doce·

2676 3383 2868 3475 mur,
2917 3380 3321 3462 Hadrianum
3365 3411 3509 3462 toto
3558 3396 3823 3481 imperii
3869 3410 4181 3481 tempore

2681 3485 2893 3564 semel
2952 3513 3237 3578 tantum,
3316 3519 3536 3586 neque
3607 3498 3920 3583 amplius,
3996 3498 4176 3561 hunc

2681 3603 3009 3667 honorem
3079 3602 3360 3667 auxisse.
3473 3603 3571 3690 Its
3641 3601 3711 3662 in
3781 3599 4178 3686 praegrandi

2681 3703 2820 3768 basi
2854 3693 3232 3770 marmorea
3261 3702 3433 3788 apud
3470 3703 3829 3765 Gruterum
3862 3702 4180 3788 leguntur

2679 3804 2805 3869 hae
2852 3799 3110 3871 notaet'
3158 3807 3298 3868 Tu.
3343 3806 3422 3871 P.
3447 3805 3589 3865 XX.
3634 3804 3813 3870 MP.
3843 3805 3936 3869 11.
3981 3804 4174 3870 cOS.

2679 3906 2906 3968 111.·P.
2933 3907 3008 3972 P.
3037 3908 3129 3989 ιι).
3213 3909 3290 3970 ιιι
3338 3906 3469 3972 ano
3524 3883 3744 3990 sapide
3801 3905 3977 3987 apud
4021 3925 4180 3970 eun-

2680 4006 2870 4071 deme
2949 4010 3093 4076 Tit.
3148 4010 3227 4075 P.
3255 4010 3427 4100 XXI.
3478 4007 3671 4074 COS.
3713 4009 3825 4074 111.
3877 4007 4055 4072 111⁸.
4096 4010 4179 4072 ΙΙ.

2678 4110 2757 4177 P.
2781 4111 2862 4175 P.
2906 4108 2982 4193 1).
3029 4111 3102 4174 Si
3130 4110 3295 4175 {ides
3323 4109 3764 4195 inscriptioni,
3798 4129 3992 4195 quam
4009 4108 4182 4173 Gru·

2678 4225 2862 4274 terus
2887 4230 2973 4276 ex
2994 4212 3293 4279 Pauviuii
3323 4212 3809 4280 commentariis
3829 4210 4046 4276 hausit
4071 4212 4177 4293 ΙΙΙ),

2680 4313 3045 4397 imperator
3102 4317 3214 4394 11.,
3299 4327 3494 4400 atque
3566 4320 3974 4398 postremum
4043 4314 4178 4395 iem

2681 4414 2809 4478 fuit
2832 4414 2902 4477 in
2948 4415 3100 4483 trib.
3132 4430 3455 4502 potestate
3486 4418 3598 4482 111.
3617 4461 3635 4493 ‚
3690 4435 3862 4501 quae
3900 4414 4074 4479 cadit
4107 4416 4180 4477 in

2789 4576 2856 4647 c)
2896 4571 3197 4632 Plutarch.
3232 4574 3292 4630 in
3319 4575 3568 4632 Pericle.
3771 4573 3844 4647 d)
3882 4524 4181 4633 InLJKIX·⁴

3063 4666 3132 4740 g)
3175 4662 3395 4738 Caylus
3421 4665 3563 4722 Rec.
3595 4664 3765 4723 Tem.
3786 4664 3859 4722 11.
3889 4682 4025 4742 pag.
4045 4675 4179 4724 211.

3057 4753 3127 4827 k)
3163 4772 3301 4833 pag.
3322 4753 3447 4828 2‘49.
3478 4762 3529 4819 a.
3719 4751 3788 4825 1)·
3808 4769 3946 4832 pag.
3967 4761 4094 4814 252.
4125 4763 4180 4815 2.
