4509 5584
1431 584 1530 659 Μ.
1600 582 2240 680 AN'romvs:

282 750 545 817 demum
588 752 692 821 Ὗ.
738 756 814 823 G.
845 771 1012 837 722,
1074 773 1205 840 quo
1268 768 1546 843 uterque
1588 756 1782 823 IIIvir

282 868 473 938 rupta
548 856 907 921 concordia
974 857 1288 921 bellicum
1349 858 1587 927 sonuit.
1674 859 1782 922 Ad

282 956 446 1021 haec
473 978 628 1021 cum
658 959 729 1021 in
761 960 1093 1023 nonnullis
1133 981 1215 1023 ex
1246 959 1486 1024 horum
1530 982 1779 1046 genere

279 1059 584 1125 videatur
624 1059 983 1144 triquetra,
1038 1074 1327 1138 certum,
1392 1076 1464 1125 ut
1506 1063 1624 1139 ait,
1683 1063 1783 1125 Si-

282 1162 473 1226 ciliae
533 1161 939 1246 symbolum,
1013 1164 1170 1248 quin
1215 1177 1281 1227 et
1323 1163 1471 1245 ipse
1507 1164 1783 1227 Bibulus

281 1261 536 1327 dicatur
593 1264 953 1344 proconsul
1014 1265 1317 1341 Siciliae,
1381 1279 1447 1328 et
1490 1278 1783 1342 constet,

278 1367 469 1450 pulso
539 1365 695 1432 Sex.
739 1366 1063 1451 Pompeio
1130 1368 1436 1431 :Siciliam
1520 1388 1785 1431 omnem

278 1465 342 1528 in
400 1480 799 1551 potestatem
859 1468 1202 1536 Octaviani
1256 1470 1558 1546 venisse,
1625 1470 1784 1554 quin

281 1570 481 1632 ullam
539 1570 683 1653 ejus
727 1584 982 1654 partem
1046 1570 1379 1635 obtineret
1420 1573 1779 1651 Antonine,

280 1670 639 1734 verisimile
686 1695 943 1734 rursum
990 1695 1122 1736 non
1169 1695 1351 1752 esse,
1435 1688 1799 1757 praetores»

280 1772 355 1834 ab
426 1773 794 1839 Octaviano
871 1776 1291 1853 constitutos,
1374 1796 1538 1860 quos
1605 1777 1789 1838 inter

244 1873 480 1959 „fuisse
516 1872 830 1937 Bibulum
862 1898 1095 1939 numus
1143 1876 1372 1953 docet,
1427 1877 1782 1940 Antonium

278 1977 852 2060 cum,Cleopatra‚
898 1979 1251 2062 praeterita
1298 1979 1610 2057 Octavia,
1671 1999 1793 2044 vo-

276 2078 479 2141 luisse
565 2079 637 2139 in
724 2094 987 2143 moneta
1073 2100 1487 2165 proponere,
1601 2093 1784 2144 certa

281 2178 628 2245 Octaviani
691 2179 1083 2246 offensione.
1170 2183 1454 2260 Vultus,
1534 2181 1782 2266 inquit,

282 2282 336 2344 si
388 2295 809 2366 spectentur,
869 2284 1229 2366 juvenilem
1286 2305 1437 2347 cum
1492 2284 1797 2346 Antonio·

278 2384 701 2466 conjunctum
790 2385 1057 2449 omnino
1143 2386 1406 2450 referre
1486 2385 1784 2449 Octavia-

275 2505 470 2564 num,
530 2486 931 2551 muliebrem
976 2503 1194 2552 autem
1239 2487 1551 2552 Octaviae
1596 2488 1782 2551 nullo

276 2602 466 2670 pacto
540 2589 924 2652 convenire.
1014 2589 1344 2683 Quocirca
1401 2590 1652 2652 nullum
1712 2591 1782 2651 in

277 2690 394 2752 hos
474 2713 712 2754 numos
784 2693 917 2775 jus·
962 2712 1108 2754 esse
1170 2706 1279 2755 aut
1354 2692 1783 2776 Cleopatrae,

276 2807 381 2855 aut
418 2792 840 2868 Caesar-inni,
888 2807 997 2856 aut
1022 2794 1314 2877 Antyllo.
1395 2794 1501 2855 En
1534 2816 1789 2858 summa¹

276 2893 931 2979 Hazzolenilcapita.

372 2997 659 3085 ⁸Verum
720 2998 789 3058 in
852 2998 973 3060 hac
1024 2996 1152 3062 viri
1198 2995 1435 3060 eruditi
1478 2990 1781 3060 ‘doctrina

277 3097 619 3181 complura
654 3099 851 3163 video
895 3120 1027 3161 non
1073 3099 1223 3162 satis
1257 3099 1567 3175 stabilita,
1618 3121 1783 3161 non·

275 3200 453 3263 nulla
541 3201 736 3263 etiam
812 3201 995 3267 salsa.
1096 3200 1211 3262 Ait
1278 3203 1365 3278 1.,
1447 3199 1784 3265 adversari

278 3301 671 3386 Cleopatrae
734 3316 1071 3387 tempora,
1132 3302 1364 3387 quibus
1426 3302 1495 3362 hi
1538 3303 1776 3386 signati

276 3405 495 3478 numi3
585 3418 649 3466 at
693 3405 855 3468 haec
899 3406 1025 3468 ille·
1058 3419 1390 3488 computat
1435 3425 1516 3467 ex
1563 3405 1781 3468 literis

280 3504 588 3567 solitariis
632 3508 730 3582 A,
775 3505 866 3582 B,
907 3503 1000 3583 Γ,
1045 3502 1135 3584 A,
1195 3506 1428 3592 quibus
1484 3527 1616 3569 non
1662 3507 1785 3569 du-

278 3603 435 3669 bitat
500 3607 779 3669 indicari
837 3629 1039 3670 annos
1096 3609 1584 3691 praefecturae,
1645 3629 1789 3694 quo-

281 3707 565 3772 admisso
640 3722 896 3771 certum
956 3710 1180 3794 utique
1244 3710 1453 3789 foret,
1539 3713 1779 3774 horum

282 3833 631 3875 numerum
701 3812 1099 3894 complures.
1138 3834 1307 3875 anno
1365 3816 1450 3881 V.
1501 3814 1572 3878 C.
1615 3816 1794 3895 7‘15,

284 3927 622 3977 constante
666 3902 835 3976 adeo
879 3914 1055 3977 inter
1096 3928 1444 4000 utrumq-ue
1479 3915 1782 3980 IIIi-irum

284 4016 595 4094 amicitia,
639 4036 1046 4105 cusos‘esse.
1108 4017 1435 4101 Exemplo
1481 4031 1625 4082 esto
1667 4006 1783 4078 'nu-

285 4137 425 4178 mus
459 4120 509 4181 L
534 4118 829 4181 ‘Atratini
862 4138 1022 4197 cum·
1059 4117 1251 4181 litera
1291 4115 1387 4198 A,
1440 4119 1577 4185 sive
1614 4138 1784 4182 anno

286 4219 399 4283 IV.
503 4218 831 4313 Quoniam
889 4220 958 4280 in
1019 4220 1147 4283 hoc
1201 4242 1399 4285 numo
1461 4220 1783 4283 Antonius

288 4318 526 4382 dicitur
583 4321 777 4386 COS.
833 4323 1027 4384 DES.
1072 4325 1306 4387 ITER.
1353 4325 1494 4387 ET.
1541 4324 1782 4398 TER,

290 4420 533 4505 signari
573 4444 705 4486 non
751 4425 964 4507 potuit
1003 4426 1332 4508 posterius
1378 4445 1545 4488 anno
1589 4424 1672 4491 V.
1708 4425 1782 4491 C.

288 4543 447 4606 7⁸9,
518 4546 670 4588 nam
728 4547 901 4589 anno
958 4527 1287 4610 proximo,
1364 4547 1494 4610 quo
1554 4525 1783 4590 consul

3298 606 3390 688 59

1896 762 1979 823 11.
2038 756 2398 842 processit,
2475 755 2605 821 dici
2671 757 2892 843 coepit
2945 755 3134 824 COS.
3189 760 3387 831 DES.

1899 862 2101 926 TER.
2190 861 2264 923 Si
2308 880 2469 945 ergo
2513 859 2796 922 Atratini
2866 880 3067 925 annus
3113 858 3180 924 A·
3214 864 3392 928 coin-

1897 964 2055 1027 cidit
2100 984 2247 1029 cum
2293 972 2460 1027 anno
2503 983 2666 1047 719,
2709 982 2986 1026 necesse
3031 975 3163 1041 est,
3225 966 3393 1050 ejus-

1898 1065 2050 1128 dem
2094 1086 2331 1128 annum
2360 1067 2448 1142 A,
2488 1086 2683 1148 quem
2713 1064 2910 1127 hahet
2938 1086 3170 1128 numus
3211 1069 3393 1152 quin·

1897 1180 2003 1229 tus
2060 1165 2378 1242 Atratini,
2453 1166 2750 1229 incidere
2813 1166 2882 1227 in
2942 1186 3176 1229 annum
3231 1171 3390 1249 715,

1902 1287 2032 1352 quo
2061 1280 2361 1352 tempore
2397 1263 2596 1352 nupta
2618 1268 2905 1330 Antonio
2941 1289 3175 1333 recens
3203 1270 3397 1334 Octa-

1898 1370 2010 1435 via·
2060 1370 2452 1453 Cleopatrae
2506 1369 2575 1430 in
2617 1389 2774 1432 aere
2835 1370 3100 1453 publico
3150 1372 3418 1438 vultum·

1899 1472 2138 1535 merito
2199 1471 2514 1540 excludit.
2612 1472 2702 1534 At
2763 1471 2939 1534 enim
2998 1473 3190 1538 facile
3255 1488 3392 1554 est,

1900 1574 2263 1637 sententiae
2340 1573 2535 1658 hujus
2622 1573 2946 1636 fallaciam
3019 1575 3396 1642 ostendere.

1898 1679 1975 1737 In
2062 1674 2362 1737 omnihus
2450 1674 2760 1751 Atratini}
2853 1675 3083 1759 Oppii,
3174 1678 3398 1741 Bibuli

1897 1778 2149 1852 numis,
2223 1777 2338 1860 qui
2408 1775 2476 1837 in
2544 1776 2752 1839 antica
2811 1776 3053 1839 habent
3108 1770 3232 1841 tria
3296 1800 3398 1842 ca·

1898 1879 2069 1963 pita,
2131 1878 2198 1940 in
2262 1897 2487 1942 aversa
2545 1878 2967 1961 triquetram,
3038 1879 3162 1942 alia
3204 1881 3399 1943 litera

1899 2001 2033 2041 non
2076 1979 2355 2064 legitur,
2431 1996 2620 2063 quam
2667 1977 2757 2057 Γ,
2844 2000 3008 2063 ergo
3054 1970 3292 2045 omnes'
3328 1981 3399 2042 hi

1898 2081 2220 2165 praefecti
2310 2081 2570 2144 nonnisi
2650 2081 2848 2143 tertio
2928 2083 3170 2166 singuli
3243 2105 3397 2147 suae

1897 2183 2354 2267 praefecturae
2415 2204 2582 2244 anno
2639 2182 2822 2246 velut
2881 2197 3063 2246 ccrta
3125 2183 3399 2268 quadam

1897 2284 2186 2368 praefixa
2245 2284 2476 2367 regula
2537 2283 2820 2347 eundem
2864 2284 2989 2346 sibi
3033 2297 3258 2368 typum
3302 2287 3396 2350 le-

1900 2388 2179 2470 gerunt?
2243 2385 2504 2449 Deinde
2549 2386 2617 2446 in
2678 2385 2977 2450 omnibus
3027 2387 3393 2452 eorundem

1895 2488 2385 2570 praefectorum
2445 2488 2688 2565 numia,
2772 2489 2883 2571 qui
2963 2487 3208 2552 hahent
3269 2492 3399 2553 sin-

1897 2590 2192 2673 gularem
2251 2602 2475 2672 typum
2536 2589 2804 2652 duarum
2850 2590 3207 2672 figurarum
3252 2592 3394 2676 hip-

1896 2691 2228 2775 pocampis
2309 2704 2670 2768 vectatum,
2769 2704 2978 2753 exstat
3051 2692 3242 2756 litera
3303 2694 3396 2771 Δ,

1899 2813 2063 2877 ergo
2125 2792 2626 2875 idem-singulis
2685 2792 2930 2874 placuit
2993 2808 3221 2878 quarto
3281 2793 3393 2858 de-

1897 2916 2075 2957 mum
2143 2895 2598 2976 praefecturae
2674 2915 2828 2957 suae
2892 2900 3111 2962 anno?
3216 2894 3395 2988 Quid

1890 3018 2061 3065 Nero
2122 2997 2356 3059 literae
2424 2993 2540 3061 ΔΙ.
2601 2997 2669 3056 in
2711 3016 2909 3058 numo
2953 2997 3097 3063 Vll.
3143 2997 3396 3081 Oppii?

1896 3119 1977 3162 an
2022 3110 2091 3160 et
2131 3096 2283 3159 hinc
2329 3118 2566 3158 annum
2608 3098 2780 3165 XIV.
2827 3099 3190 3191 excalpesss
3264 3099 3396 3162 Ad·

1895 3199 2099 3266 vertit
2152 3198 2263 3261 hic
2323 3197 2536 3260 nodus
2598 3202 3089 3277 Mazzolenum,
3162 3221 3395 3265 verum

1891 3322 2040 3365 cum
2085 3300 2349 3365 solvere
2393 3299 2590 3364 facile
2634 3323 2768 3363 non
2813 3317 3073 3385 posset,
3142 3301 3393 3388 effugio

1890 3424 2045 3466 usus
2093 3416 2192 3466 est
2233 3424 2464 3487 parum
2507 3403 2898 3488 idoneo-¹¹).,
2930 3407 3179 3468 Harum
3225 3426 3394 3490 ergo
3453 3445 3460 3455 ·

1891 3506 2232 3571 literarum
2278 3527 2552 3569 sensum«
2596 3528 2804 3591 aeque
2849 3506 3172 3570 incertum
3221 3523 3393 3592 puta,

1893 3621 2085 3695 atque
2162 3628 2422 3686 earum,
2520 3631 2676 3693 quas
2736 3610 2804 3669 in
2861 3611 3082 3673 aeneis
3143 3612 3401 3691 Lollii,

1896 3723 2034 3771 tum
2081 3722 2150 3771 et
2191 3711 2452 3773 urbium
2497 3712 2850 3788 Thraciae,
2916 3713 3185 3794 Syriae,
3244 3715 3398 3778 alia·

1896 3831 2175 3896 rumque
2245 3813 2595 3897 regionum
2655 3835 2891 3897 magno
2947 3836 3227 3877 numero
3282 3816 3395 3879 ob-

1896 3913 2034 3979 vias
2094 3913 2434 3981 habemuS.
2562 3916 2731 3979 Sane
2793 3917 2971 3977 numi
3033 3919 3395 3999 praesentis

1899 4017 2271 4099 argumenti
2330 4018 2506 4080 aliud
2566 4031 2821 4081 certum
2880 4017 3187 4081 natalium
3252 4012 3410 4084 suo-

1899 4139 2047 4180 rum
2090 4132 2349 4201 tempus
2389 4141 2521 4183 non
2568 4119 3010 4213 manifestant,
3080 4142 3271 4203 quam
3323 4122 3400 4187 il·

1886 4222 2049 4301 lud,
2113 4221 2288 4305 quod
2354 4242 2435 4285 ex
2495 4220 2764 4284 Antonii
2808 4221 3120 4304 inscripto
3164 4243 3395 4286 consu·

1898 4322 2035 4385 latu
2091 4323 2370 4405 petitur,
2454 4324 2761 4385 nimirum
2817 4322 2936 4385 hos
2993 4344 3184 4387 cusos
3245 4339 3395 4390 ante

1901 4422 2141 4486 aditum
2206 4423 2613 4486 consulatum
2655 4424 2734 4486 11.
2781 4426 2866 4493 V.
2904 4425 2975 4489 C.
3008 4446 3173 4507 720,
3234 4430 3398 4492 alios

1902 4525 2238 4610 deinceps.
2328 4525 2610 4595 vacillat
2669 4546 2833 4623 ergo
2910 4546 3400 4613 argumentum,

294 4719 3411 4753 m———m

366 4841 431 4912 a)
468 4841 605 4937 ξας.
628 4845 750 4908 163.

2749 4937 2897 4996 Ha
