4509 5584
1510 659 1517 670 .
1579 604 2207 680 TRAIANVS.

344 791 451 844 aut
496 776 564 838 in
604 774 847 838 mendo
884 721 1123 836 cubare
1167 774 1247 853 ¹).
1310 774 1445 838 Sed
1475 795 1603 860 ego
1640 775 1836 839 Mala·

302 913 307 920 -
346 879 445 942 lae
489 874 983 941 inconstantiam
1026 875 1164 958 ejus
1205 875 1408 961 ipsius
1456 876 1674 941 verbis
1727 883 1874 942 co-‘

298 999 570 1064 arguo.
645 977 881 1040 Refert
930 979 1058 1041 hoc
1115 978 1264 1042 loco
1319 973 1538 1042 terrae
1594 993 1836 1044 tremo-

300 1105 485 1146 .rcm
544 1080 626 1145 ad
680 1103 918 1144 anuum
973 1082 1055 1145 V.
1104 1080 1175 1146 C.
1220 1081 1366 1145 868.
1440 1082 1673 1144 Paullo
1732 1105 1833 1144 su-

340 1207 460 1268 pra
516 1182 840 1258 narravit,
921 1181 1282 1264 Traianum,
1338 1203 1509 1247 anno
1571 1184 1834 1270 imperii

294 1325 307 1333 -
337 1286 440 1350 sui
466 1286 605 1357 ΧΠ.
638 1305 867 1349 mense
899 1285 1179 1347 Octobri
1208 1287 1277 1347 in
1309 1285 1653 1350 Orientem
1683 1309 1833 1372 pro-

336 1387 616 1465 fectum,
651 1399 724 1450 ut
751 1383 1009 1449 Parthis
1041 1387 1289 1450 bellum
1320 1388 1623 1454 inferret.
1668 1390 1835 1451 Coe-

335 1490 433 1573 pit
493 1511 699 1552 annus
761 1488 1024 1572 Trajani
1085 1490 1228 1554 xn.
1289 1488 1420 1553 fine
1487 1491 1831 1568 Octobris,

332 1604 446 1657 aut
499 1591 686 1653 initio
737 1590 1135 1658 Novembris
1192 1593 1275 1660 V.
1325 1592 1397 1655 C.
1454 1596 1603 1658 861.
1683 1595 1832 1656 Hoc

336 1692 487 1756 loco
536 1679 810 1769 narrat,
896 1695 1137 1757 terrae'
1186 1709 1436 1756 motum
1501 1695 1829 1777 iugi-uisse

334 1793 603 1857 biennio
648 1808 798 1878 post
848 1794 992 1879 ejus
1034 1795 1105 1855 in
1152 1795 1400 1878 Syriam
1449 1795 1827 1874 adventum,

333 1919 500 1982 ergo
532 1910 751 1962 terrae
789 1910 1002 1959 motus
1036 1897 1310 1980 contigit
1349 1900 1706 1963 secundum
1740 1900 1829 1961 al-

331 1983 547 2062 terum
608 1998 783 2061 hunc
838 2000 981 2081 ejus
1036 1997 1586 2083 calculumsanno
1632 1999 1712 2067 V.
1752 2001 1823 2064 C.

330 2100 488 2178 863,
532 2099 613 2163 ad
657 2121 981 2163 summum
1024 2099 1183 2176 864,
1226 2115 1420 2185 atque
1464 2101 1631 2165 adeo
1676 2124 1827 2187 qua·

328 2218 484 2266 tuor
555 2203 785 2265 saltem
856 2200 1039 2265 annis
1112 2201 1340 2265 solidis
1417 2226 1455 2268 a
1533 2223 1604 2265 se
1680 2204 1824 2286 ipso

330 2303 650 2367 dissentit.
695 2304 1020 2366 Eusebius
1059 2324 1210 2366 eum
1244 2303 1325 2367 ad
1357 2326 1595 2367 annum
1633 2306 1713 2373 V.
1744 2305 1816 2370 C.

326 2406 494 2483 866,
567 2404 889 2488 Evagrius
943 2404 1026 2467 ad
1075 2426 1316 2469 annum
1362 2407 1488 2484 864
1535 2420 1823 2471 revocat.

329 2510 419 2574 At
455 2506 739 2571 omnium
780 2505 1267 2572 adcuratissime
1306 2509 1471 2586 Dio,
1523 2505 1633 2592 qui
1677 2531 1825 2573 cum

330 2621 450 2672 eos
492 2622 909 2685 recenseret,
974 2609 1208 2693 quibus
1252 2630 1332 2675 ea
1373 2627 1627 2697 strages
1672 2612 1827 2674 fata-

330 2711 416 2775 lis
459 2711 616 2788 fnit,
662 2711 873 2774 addit:
919 2707 995 2771 ὧν
1028 2708 1119 2785 ἔας
1150 2733 1251 2771 και
1280 2709 1313 2773 ὁ
1341 2706 1570 2775 flasco»
1613 2711 1644 2774 ὁ
1680 2712 1826 2774 ὑπα-

326 2836 435 2888 τος
470 2812 751 2897 ἕτγενετο,
803 2816 978 2876 tuter
1022 2831 1189 2891 quos
1234 2816 1437 2876 etiam
1472 2817 1632 2899 fuit
1674 2834 1826 2875 cone·

238 2943 245 2950 ·
324 2917 442 2979 sul
478 2918 651 2978 Pedo
683 2911 773 2995 b).
828 2913 999 2988 Eum
1036 2913 1185 2975 fasti
1221 2934 1447 2977 omnes
1486 2914 1825 2977 consulem

330 3015 734 3079 ordinarium
817 3015 966 3077 anni
1041 3016 1122 3080 V.
1198 3016 1269 3079 C.
1338 3017 1466 3079 868
1538 3015 1826 3099 produnt

326 3119 607 3201 conlega
668 3116 986 3198 Vipstano
1040 3102 1403 3182 Messalla(
1455 3119 1602 3179 Hoc
1668 3117 1826 3178 Dio·

326 3219 430 3281 nis
478 3218 855 3281 testimonio
900 3218 1229 3284 refellitur
1276 3239 1503 3280 rursus
1552 3218 1824 3295 Malala,

306 3321 443 3406 ‚qui
490 3334 737 3383 terram
780 3334 1019 3400 motam
1062 3320 1129 3381 in
1172 3319 1530 3382 Decembri
1574 3320 1823 3396 statuit,

325 3423 456 3485 etsi
495 3422 564 3483 in
600 3441 768 3485 anno
808 3409 955 3485 cum
987 3422 1204 3484 Dione
1251 3422 1605 3505 conspiret.
1658 3422 1823 3483 Nam

325 3546 415 3587 ex
447 3523 653 3586 titulis
693 3525 868 3589 IMP.
907 3523 1047 3588 VII.
1086 3538 1154 3586 et
1188 3524 1396 3599 V111.‚
1444 3542 1608 3606 quos
1653 3544 1822 3586 anno

331 3629 414 3692 V.
462 3626 532 3691 C.
594 3627 720 3689 868
779 3624 907 3687 sibi
964 3625 1279 3707 Traianus
1347 3624 1629 3702 addidit,
1717 3624 1823 3715 ab·

328 3728 506 3791 unde
536 3726 905 3811 configitur,
953 3711 1105 3789 e‘um
1140 3726 1329 3789 initio
1362 3728 1532 3790 veris
1565 3749 1717 3790 mox
1756 3728 1825 3789 in

330 3830 654 3894 hosticum
702 3829 1025 3906 movisse,
1074 3825 1480 3915 transitoque
1526 3830 1824 3912 Euphra-

312 3949 430 4009 -te,
471 3948 539 3997 et
562 3933 631 3994 in
663 3930 1116 3995 remotissimis
1143 3932 1339 3994 terris
1368 3932 1650 4014 positum
1681 3951 1849 4024 cre-¹

328 4034 537 4097 dibile
584 4055 717 4095 non
770 4047 873 4096 est
928 4032 1213 4097 voluisse
1258 4031 1671 4096 Antiochiam
1719 4054 1823 4095 re-

311 4136 514 4212 2dire,
588 4148 675 4198 ut.
716 4135 813 4198 ibi
869 4134 1182 4214 hiberna,
1253 4148 1322 4199 et
1375 4117 1823 4202 Decembrem

326 4245 600 4322 ageret,
656 4259 1017 4322 quanquam
1075 4239 1149 4301 et'
1195 4237 1336 4321 ipse
1390 4236 1522 4299 Dio
1578 4236 1644 4298 in
1700 4239 1822 4300 hac

328 4342 533 4404 fuisse
567 4342 886 4404 sententia
922 4339 1250 4415 videatur,
1294 4338 1412 4403 sed
1442 4360 1634 4425 quem
1674 4361 1823 4402 mex

327 4442 777 4508 refutabimus.
866 4445 1181 4527 Superest
1262 4441 1473 4505 adhuc
1561 4441 1823 4506 dimica-

324 4548 426 4610 tio
480 4566 627 4610 cum
673 4545 913 4629 Pagio,
965 4545 1077 4630 qui
1119 4564 1269 4609 cum
1318 4543 1553 4608 Halala
1601 4558 1819 4608 terrae

406 4772 471 4840 a)
510 4767 737 4845 Epoch.
766 4749 987 4843 Sjroni
1024 4788 1084 4846 p.
1116 4778 1235 4834 183.

330 4859 412 4916 ad
442 4879 577 4916 ann.
609 4858 721 4915 Ch.
758 4872 874 4920 115.

1436 4770 1515 4842 h)
1546 4769 1614 4828 1..
1640 4768 1900 4830 vant
1924 4771 1978 4843 ς.
2002 4783 2089 4834 2⁵.

3127 621 3438 691 «453

1952 786 2201 835 motum
2259 770 2617 835 Decembri
2669 770 2896 836 adfixit·
2960 789 3229 862 praeter
3293 796 3441 839 cau·

1950 899 2053 940 sas
2087 875 2244 938 alias
2275 874 2402 957 jam
2440 875 2730 957 cognitas
2759 896 3107 959 persuasus
3148 876 3439 940 testimo-

1948 978 2059 1041 nio
2105 976 2410 1059 anonymi
2452 975 2781 1057 cujusdam
2824 976 3281 1061 olympiadum
3328 977 3446 1040 de-

1950 1079 2289 1162 scriptoris
2334 1077 2612 1152 Graeci,
2674 1100 2866 1161 quem
2928 1080 2991 1139 ln
3050 1080 3182 1141 suis
3241 1077 3441 1141 histo-

1951 1182 2193 1244 riarum
2269 1182 2695 1243 collectaneis
2764 1181 3058 1243 exhibuit
3119 1178 3435 1261 Scaliger.

1949 1286 2008 1346 Is
2067 1298 2284 1346 terrae
2341 1297 2587 1344 motum
2634 1279 3146 1345 Antiochensem
3200 1279 3282 1343 ad
3336 1303 3445 1342 an·

1946 1407 2099 1445 num
2147 1383 2710 1468 111.‘Olympiadis
2759 1384 2881 1447 223
2937 1384 3180 1459 refert,
3246 1395 3437 1466 atque

1945 1488 2047 1550 illi
2095 1506 2356 1576 quoque
2410 1486 2584 1548 inter
2646 1503 2796 1562 eos,
2860 1505 3023 1569 quos
3084 1488 3272 1546 ruina
3329 1505 3442 1568 op-

1944 1589 2220 1673 pressit,
2279 1599 2682 1650 memoratur
2738 1580 3041 1648 anese·
3083 1582 3310 1658 ὕπατος
3351 1590 3434 1664 0).
3528 1597 3536 1604 '

1946 1689 2296 1767 Conchat,
2332 1689 2421 1751 ait
2449 1687 2726 1772 pagius,
2762 1687 3102 1752 hic'annus
3132 1687 3243 1752 111.
3277 1686 3435 1748 inde

1944 1816 1980 1855 a
2040 1792 2205 1855 Iulio
2266 1790 2417 1854 anni
2473 1792 2558 1857 V.
2605 1793 2679 1855 C.
2745 1793 2906 1867 868,
2968 1803 3170 1873 ergon
3196 1786 3436 1849 malum

1941 1894 2107 1955 illud
2178 1891 2483 1957 accidere
2556 1912 2692 1954 non
2767 1892 2975 1976 potuit
3037 1889 3222 1951 initio
3295 1889 3436 1972 ejus

1942 1995 2131 2071 anni,
2209 2014 2338 2079 quo
2404 2008 2703 2078 tempore
2768 1992 3028 2056 nonnisi
3095 2013 3297 2055 annus
3356 1995 3434 2053 Π.

1943 2097 2082 2182 ejus
2122 2095 2526 2179 Olympiadis
2563 2095 3025 2160 numerabatur
3053 2093 3141 2176 d).
3188 2094 3437 2158 Verum

1942 2219 2135 2283 quam
2184 2198 2421 2282 exigua
2469 2199 2553 2260 sit
2598 2199 2837 2262 horum
2880 2196 3435 2260 collectaneorum

1941 2301 2289 2364 auctoritas
2340 2300 2697 2383 praecipue
2748 2297 3038 2359 in'notis
3086 2295 3435 2358 chronolo-

1942 2402 2138 2485 gicis,
2187 2420 2257 2465 et
2294 2421 2457 2486 quae
2490 2399 2788 2483 pluribus
2823 2398 3058 2478 locisa
3094 2395 3433 2479 scaligero

1940 2505 2084 2589 ipso
2116 2502 2508 2586 interpolata
2544 2501 2746 2565 fuisse
2789 2514 3073 2577 constat,
3111 2511 3437 2562 noverunt

1942 2627 2190 2669 omnes.
2252 2604 2432 2667 Istud
2485 2602 2931 2667 testimonium
2984 2601 3095 2685 qui
3152 2599 3438 2683 amplec-

1940 2707 1991 2769 ti
2036 2708 2249 2782 volet,
2302 2705 2730 2787 amplectatur
2771 2704 2966 2766 etiam
3014 2702 3214 2779 illud,
3259 2700 3436 2785 quod

1940 2808 2162 2902 paucis
2220 2806 2414 2869 lineis
2474 2803 2664 2870 altius
2725 2795 2960 2883 dictat,
3030 2802 3431 2866 Hadrianum

1906 2912 2178 2988 ‘factum
2212 2930 2358 2972 esse
2384 2908 2849 2992 imperatorem
2877 2926 3044 2970 anno
3070 2907 3185 2972 IV.
3211 2903 3436 2987 Olym-

1940 3012 2146 3096 piadis
2193 3029 2355 3087 aas,
2422 3012 2534 3094 qui
2582 3009 2941 3094 respondet
2996 3029 3164 3071 anno
3228 3008 3311 3074 V.
3357 3008 3429 3071 C.

1940 3111 2067 3178 865
2110 3113 2448 3176 manifesta
2495 3112 2923 3197 quinquennii
2957 3110 3431 3192 anticipatione.

1941 3217 2218 3278 Possum
2265 3213 2520 3297 reliqua
2561 3240 2596 3277 a
2629 3216 2833 3299 Pagio
2879 3213 3133 3298 objecta
3179 3225 3433 3304 praete-

1942 3319 2077 3380 rire
2141 3318 2271 3380 hoc
2334 3337 2463 3379 uno
2526 3316 2786 3391 addito,
2858 3314 3210 3379 Baronium
3275 3334 3434 3397 quo-

1940 3440 2109 3504 que,
2168 3417 2557 3496 Calvisium,
2610 3434 2680 3482 et
2722 3418 3054 3480 Norisium
3112 3430 3258 3479 ante
3315 3414 3433 3475 ini-

1938 3521 2099 3584 tium
2153 3522 2329 3585 veris
2363 3523 2446 3589 V.
2475 3522 2549 3588 C.
2585 3520 2713 3584 868
2753 3535 2995 3584 terram
3045 3516 3428 3581 Antiochiae

1940 3625 2194 3690 moveri
2263 3624 2550 3706 jussisse.
2645 3625 2752 3684 111.
2813 3623 3028 3686 Etiam
3088 3641 3172 3684 ex
3230 3619 3431 3682 titulis

1940 3730 2116 3794 IMP.
2189 3728 2335 3796 VII.
2420 3740 2489 3789 et
2562 3728 2734 3792 Vm.
2826 3724 3240 3800 manifestum
3323 3720 3431 3797 fit,

1942 3830 2290 3912 Traianum
2334 3829 2596 3905 labente
2643 3849 2811 3892 anno
2860 3827 2988 3891 hoc
3045 3827 3126 3892 V.
3174 3827 3250 3889 C.
3303 3825 3431 3905 867

1938 3930 2007 3991 in
2065 3931 2415 3995 Orientem
2470 3931 2772 4006 abivisse.
2864 3927 3061 4021 Quod
3118 3927 3429 3990 hactenus

1936 4044 2229 4109 constet,
2295 4032 2344 4092 ii
2400 4032 2611 4094 solum
2663 4031 3023 4115 junguntur
3079 4047 3228 4090 cum
3286 4027 3427 4108 ejus

1936 4117 2089 4199 trib.
2135 4145 2457 4217 potestate
2501 4133 2774 4207 xvm.,
2818 4151 2984 4215 quae
3031 4128 3249 4210 coepit
3292 4126 3430 4188 ine·-

1937 4248 2094 4299 unte
2147 4234 2511 4298 Novembri
2565 4234 2755 4314 hujus
2808 4232 3010 4316 ipsius
3062 4230 3213 4292 anni
3268 4230 3426 4308 867,

1939 4359 2022 4401 ex
2065 4358 2194 4424 quq
2238 4350 2448 4420 patet,
2516 4335 2584 4396 in
2641 4335 2773 4398 hoc
2837 4333 3204 4408 tribunatu,
3269 4354 3427 4415 quo·

1938 4441 2109 4503 niam
2153 4433 2252 4501 bis
2295 4440 2555 4502 titulum
2600 4437 2892 4514 iteravit,
2935 4433 3186 4498 bellum
3230 4434 3427 4496 maxi-

1924 4565 2044 4607 ·me
2087 4541 2419 4608 saeviisse.
2495 4542 2690 4619 Esto,
2752 4539 3104 4623 Trajanum
3143 4536 3270 4620 jam
3319 4559 3427 4599 au-

2295 4772 2357 4842 c)
2399 4787 2533 4844 pag·
2565 4788 2637 4822 m·
2673 4780 2800 4829 5:01.
2999 4768 3090 4838 d),
3115 4766 3261 4822 Crit.
3289 4766 3420 4819 Bar.
