4509 5584
881 424 1057 563 *Vl
2011 481 2990 563 PRAEFATIO.

956 670 1294 760 testimn
1354 661 1695 748 accedat
1750 659 2219 749 auctoritas,
2295 657 2388 742 ln
2456 675 2889 777 praesente
2942 687 3168 774 ergo.
3198 661 3583 761 examine
3617 666 3626 707 ³
3637 661 4066 745 hominem

955 809 1150 895 inde
1178 806 1287 888 ab
1320 814 1619 897 exortu
1654 827 1806 883 suo
1838 796 2205 885 veritatis
2234 796 2866 885 numismaticae
2896 795 3310 889 sicarium,
3347 811 3447 884 ut
3478 798 3680 885 alibi
3713 806 4067 913 semper}

948 943 1252 1059 procul
1289 934 1809 1025 habebimus.

949 1167 957 1175 ,
1130 1079 1294 1166 At
1268 1106 1359 1164 m
1398 1070 1946 1177 recensendiS‚
1980 1070 2626 1197 ordinandisque
2653 1085 3042 1171 monetae
3055 1074 3538 1188 Augusteae
3555 1073 3830 1158 numis
3863 1073 4063 1157 inde

948 1253 1010 1319 ‚a
1047 1218 1373 1303 duobus
1409 1211 1802 1317 saeculis,
1862 1222 1949 1293 et
1995 1208 2351 1321 amplius
2406 1210 2775 1299 maxima
2809 1210 2989 1311 laus
3024 1209 3188 1296 fuit
3221 1211 3685 1299 ADOLPHI
3740 1211 4065 1297 0600-

958 1359 1123 1443 NlS
1164 1334 1470 1438 medici
1506 1279 1967 1462 Augus’tani
1982 1415 2015 1453 ,
2064 1347 2305 1464 cujus
2342 1345 2749 1437 habemus
2786 1375 2994 1461 opus
3029 1359 3288 1433 tenue
3321 1347 3686 1461 primum
3702 1412 3728 1455 ,
3786 1362 3874 1435 et
3901 1347 4068 1433 hoc

961 1495 1298 1581 nomine
1335 1489 1697 1579 editum:
1750 1483 2026 1594 Impp.
2059 1483 2641 1571 Romanorum
2681 1495 3205 1572 numismata
3245 1519 3306 1571 a
3340 1488 3743 1600 Pompe-jo
3778 1489 3911 1572 M.
3958 1490 4082 1572 ad

943 1635 1484 1719 .Heraclium.
1531 1628 2061 1749 Azftvetpiae
2096 1626 2233 1711 M.
2272 1626 2390 1713 D.
2429 1626 2836 1713 LXXIX.
2891 1640 2989 1739 zfn
3051 1649 3215 1736 4to.
3309 1632 3438 1742 Ab
3489 1629 3669 1743 ipso
3732 1638 4075 1713 auctore

960 1771 1523 1863 emendatum,
1540 1764 2321 1880 'locupletatumque
2353 1764 2660 1855 iterum
2692 1770 3002 1884 prodiit
3015 1772 3439 1881 Augustae
3457 1764 4078 1851 Vindelicorum

950 1941 1176 2001 anno
1214 1911 1331 1995 M.
1371 1906 1536 1993 DC.
1572 1903 1625 1989 1.
1698 1905 2118 1993 Recusum
2178 1906 2676 2019 Antverpiae
2721 1907 2848 1994 M.
2878 1908 3045 1993 DC.
3079 1905 3333 1991 XXV.
3379 1916 3732 1990 testatur
3783 1902 3848 1984 F
3851 1901 4068 1999 abri-

954 2052 1134 2139 cius
1171 2040 1273 2154 ⁸).
1330 2044 1422 2135 Si
1455 2040 1871 2129 laudanda
1910 2043 2093 2157 jure
2113 2054 2239 2151 est
2274 2044 2763 2158 praestantis
2798 2044 2960 2131 viri
2994 2042 3443 2160 diligentia,
3461 2054 3569 2126 et
3606 2039 4069 2147 consilium,

960 2185 1187 2303 quod
1217 2183 1534 2298 primus
1574 2180 1755 2290 fuit,
1794 2178 1940 2295 qui
1975 2180 2365 2296 colligere
2400 2184 2967 2296 Augustorum
2996 2210 3295 2270 numos
3334 2209 3623 2267 omnes
3657 2191 3848 2267 tum
3884 2206 4077 2289 cog·

952 2326 1188 2413 ,nitos
1205 2388 1230 2425 ‚
1288 2333 1375 2406 et
1426 2320 1517 2404 in
1560 2331 2040 2432 temporum
2076 2317 2487 2403 rationem
2526 2320 3018 2406 distribuere
3054 2334 3517 2407 tentaverat
3535 2387 3560 2427 ,
3612 2330 3897 2403 tamen
3933 2343 4080 2398 no-

946 2474 1137 2546 stra
1168 2457 1332 2541 hac
1366 2467 1637 2540 aetate
1655 2524 1680 2565 ‚
1741 2483 1904 2571 qua
1946 2483 2113 2539 non
2152 2456 2405 2541 modo
2443 2457 2711 2543 multo
2748 2457 3157 2543 habemus
3189 2456 3650 2542 auctiorem
3685 2454 3860 2563 eius
3902 2481 4079 2536 mo-

964 2611 1212 2709 netae
1253 2620 1698 2679 numerum
1713 2660 1739 2699 ‚
1786 2590 1947 2677 sed‘
1965 2590 2185 2678 hanc
2218 2593 2474 2679 etiam
2510 2596 2772 2680 multo
2811 2596 3289 2681 adcuratius
3326 2592 3821 2705 descriptam
3840 2659 3863 2696 ,
3900 2589 4081 2673 vul-

800 2752 811 2759 '
952 2747 1454 2850 gatamque,
1512 2757 1720 2842 opus
1766 2728 1988 2814 istud
2025 2731 2129 2813 ab
2166 2730 2267 2817 iis
2289 2798 2312 2838 ‚
2369 2759 2726 2845 quorum
2762 2731 3130 2838 interest,
3189 2732 3335 2816 vix
3370 2730 3723 2843 amplius
3754 2729 3844 2811 in
3883 2756 4081 2810 con-

969 2872 1247 2958 silium
1282 2866 1741 2953 adhibetur.
1801 2866 2351 2953 Nihilominus
2396 2868 2623 2965 hunc
2679 2870 3131 2959 industriae
3185 2898 3385 2955 suae
3443 2863 3637 2952 tul'it
3689 2868 4078 2968 fructum,

969 3025 1111 3114 ut,
1170 3007 1318 3120 qui
1369 3002 1754 3116 deinceps
1807 3002 2162 3088 eodem
2135 3033 2226 3089 ln
2266 3020 2752 3120 argumento
2807 3008 3111 3092 versati
3147 3020 3385 3114 sunt,
3443 3001 3795 3090 Occonis
3832 3005 4083 3085 vesti-

965 3147 1125 3260 giis
1164 3139 1715 3229 insistendum
1748 3138 2192 3249 ducerent,
2247 3155 2502 3255 atque
2535 3147 3121 3258 profiterentur
3180 3144 3379 3257 ipsi,
3429 3141 3632 3225 nihil
3666 3139 3824 3223 sibi
3856 3139 4080 3221 aliud

971 3280 1228 3369 fuisse
1283 3276 1843 3393 propositum,
1906 3306 2156 3388 quam
2220 3291 2319 3364 ut
2355 3282 2713 3365 Occonis
2767 3281 3235 3394 catalogum
3281 3260 3924 3392 amplificarent,
3997 3289 4081 3359 et

977 3419 1047 3513 si
1083 3444 1247 3530 qua
1281 3425 1723 3527 peccatum
1765 3425 2023 3520 esset,
2083 3414 2413 3499 sanitati
2444 3416 2994 3502 restituerent.

1148 3552 1263 3639 Et
1312 3550 1530 3634 hanc
1574 3548 1910 3662 quidem
1958 3550 2470 3663 provinciam
2527 3567 2710 3667 post
2761 3583 3019 3641 annos
3055 3568 3400 3640 centum
3440 3553 3567 3636 in
3585 3580 3673 3634 se
3728 3551 4085 3663 suscepit

961 3665 1617 3779 FRAN'CISCVS
1657 3685 2406 3775 MEDIOBARBVS
2441 3690 2883 3778 BiRAGVS
2937 3696 3015 3777 S.
3049 3693 3137 3778 R.
3173 3694 3228 3777 1.
3289 3693 3631 3797 Come5‚
3689 3702 3774 3772 et
3807 3688 4086 3801 regiae

978 3827 1330 3916 civitatis
1369 3823 1673 3936 Papiae
1715 3821 2076 3931 decurio,
2133 3826 2357 3912 edito
2394 3821 2590 3944 ju'sti
2624 3820 3069 3915 voluminis
3106 3856 3390 3944 opere.
3439 3829 3558 3913 sic
3592 3828 4026 3939 inscripto:

1155 3959 1779 4067 Imperatorum
1818 3956 2399 4043 Romanorum
2451 3960 2971 4047 numismata
3028 3993 3085 4046 a
3118 3956 3524 4072 Pompeio
3578 3958 3958 4070 Magno
3975 3958 4100 4039 ad

1320 4094 1825 4177 Heracliam
1866 4090 1977 4179 ab
2020 4099 2223 4182 Ado
2218 4091 2335 4206 fi’
2386 4097 2731 4186 Occone
2772 4107 2979 4188 olim
3020 4119 3464 4215 congesta,
3523 4126 3759 4181 nunc
3795 4099 4095 4211 Augu·

1327 4252 1644 4321 storum
1699 4231 2635 4350 iconibu8‚pe1petuc‘e
2692 4241 3140 4326 lzatorico-
3160 4240 3793 4353 chronologici-s*
3855 4242 4102 4341 narie,

1324 4369 1886 4491 pluribusque
1923 4376 2533 4460 additamentis
2578 4384 3009 4465 illustrata
3034 4444 3060 4485 ,
3120 4398 3201 4463 et
3243 4398 3523 4463 aucta.
3593 4378 4105 4463 Mediolani.

1288 4612 1297 4617 ‚
1336 4511 2113 4616 MDCLXXXIII.
2138 4506 2320 4623 fol.

1058 4706 1122 4776 a)
1156 4705 1255 4761 Ad
1293 4705 1442 4762 Bibl.
1480 4725 1641 4776 uum.
1680 4705 1866 4764 Band.
1904 4712 2073 4785 p.„56.
2114 4766 2129 4773 ,
