4509 5584
864 2825 879 2840 .
1002 2770 1175 2835 binis
1238 2770 1403 2833 locis
1457 2769 1542 2851 f),
1617 2770 2012 2854 et1'1'acitus
2057 2772 2159 2852 8)=

999 581 1147 654 200

1004 741 1229 823 petiit,
1291 753 1363 803 ut
1417 737 1662 830 diserte
1720 736 2069 803 Suetonius
2115 741 2211 820 ·)z
2284 762 2368 804 ac
2420 764 2501 805 ne

1008 845 1320 925 Augusti
1354 845 1618 918 quidem
1662 861 1934 917 nomen,
1987 847 2291 919 quamvis
2322 845 2502 905 here-

1000 946 1359 1018 ditarium,
1399 943 1561 1004 ullis
1589 945 1725 1003 nisi
1762 944 1854 1003 ad
1880 962 2067 1022 reges
2092 952 2156 1003 et
2177 946 2501 1024 dynastas

1001 1048 1305 1126 epistolis
1341 1046 1623 1107 addidit.
1679 1042 1844 1118 Dio,
1895 1040 2007 1124 qui
2043 1044 2324 1124 primum
2364 1043 2503 1105 obi-

1001 1159 1107 1208 ter
1144 1146 1400 1221 scribit,
1458 1165 1609 1207 eum
1641 1143 1921 1226 Augusti
1960 1163 2200 1206 nomen
2224 1166 2362 1238 ⁸non
2397 1165 2503 1209 ac-

1005 1247 1260 1330 cepisse
1307 1245 1411 1326 b),
1459 1247 1683 1330 paullo
1722 1258 1867 1328 post
1902 1246 2195 1328 apertius
2228 1244 2298 1307 in
2332 1247 2499 1310 haec

1000 1347 1205 1415 verba
1254 1353 1353 1429 Ο);
1420 1351 1729 1430 Augusti
1773 1366 2007 1408 nomen
2057 1370 2187 1409 non
2238 1351 2499 1427 quidem

1000 1454 1390 1533 tsurpabat,
1429 1453 1751 1511 audiens.
1737 1461 1976 1523 amen,
2018 1462 2140 1509 auc
2177 1453 2499 1529 scriptum

1001 1554 1226 1637 legens
1253 1552 1547 1634 serebat.
1609 1548 1830 1643 Quare
1862 1547 2056 1611 etiam
2094 1547 2385 1626 serebat,
2420 1569 2494 1613 se

999 1654 1070 1715 in
1117 1654 1331 1715 numis
1376 1650 1709 1728 omnibus,
1756 1663 1823 1712 et
1853 1647 2133 1732 publicis
2170 1650 2495 1734 epigram-

1000 1754 1188 1818 matis
1227 1753 1568 1830 continuo,
1621 1772 1705 1816 ex
1726 1771 1860 1838 quo
1890 1751 2235 1834 imperium
2269 1749 2495 1832 adivit,

1005 1856 1135 1920 diei
1171 1857 1557 1941 Augustum.

1395 2043 1651 2103 Pater
1729 2041 2105 2121 patriae.

1068 2181 1103 2218 ,ι
1128 2162 1276 2223 Hoc
1319 2159 1590 2223 honoris
1638 2160 1955 2224 vocabulo
1991 2180 2139 2222 eum
2172 2172 2500 2243 perpetuo

1001 2263 1387 2330 abstinuisse
1425 2263 1740 2324 unanimis
1784 2253 1885 2325 est
1931 2264 2323 2345 scriptorum
2364 2283 2504 2324 om·

1000 2365 1179 2428 nium
1219 2353 1563 2428 sententia.
1611 2364 1963 2426 Suetonius
1996 2365 2083 2427 ait
2125 2365 2187 2453 d)
2211 2385 2232 2425 ε
2266 2384 2501 2448 cogno·

1003 2490 1151 2554 men
1179 2475 1399 2549 patris
1420 2467 1719 2548 patriae,
1769 2479 1835 2527 et
1873 2471 2152 2530 civicam
2186 2471 2258 2528 In
2298 2469 2496 2527 vesti-

999 2567 1157 2632 bulo
1196 2571 1502 2628 cororiam
1534 2570 1902 2641 recusavit,
1955 2565 2155 2650 idque
2191 2566 2349 2628 alibi
2386 2586 2496 2629 co-

1001 2667 1250 2755 piosius
1301 2670 1642 2731 confirmat
1682 2671 1763 2749 e).
1849 2667 2033 2730 Idem
2080 2666 2325 2730 adserit
2361 2668 2491 2730 Dio

2233 2768 2491 2850 Nomen

996 2878 1219 2958 patris
1242 2877 1513 2956 patriae
1545 2896 1587 2932 a
1608 2874 1854 2954 populo
1880 2874 2145 2951 saepius
2166 2876 2501 2953 ingestum

894 3049 901 3064 ²
1002 2977 1413 3060 repudiavit,
1490 2973 1688 3056 idque
1761 2973 1915 3037 alibi
1992 2973 2229 3036 iterato
2297 2973 2506 3036 incul-

1004 3090 1111 3142 cat
1149 3074 1237 3158 h).
1326 3075 1810 3138 Historicorum
1871 3076 2210 3139 oraculum
2266 3075 2506 3138 confir-

1005 3192 1186 3244 mant
1216 3179 1397 3241 numi
1426 3199 1692 3255 omnes,
1742 3198 1818 3241 ac
1856 3197 2217 3253 marmora,
2283 3177 2342 3238 si
2379 3198 2504 3261 qua

1008 3296 1160 3346 sunt
1238 3295 1458 3345 certae
1521 3279 1698 3342 fidei.
1786 3277 2007 3372 Quare
2063 3277 2217 3340 satis
2278 3276 2503 3339 mirari

1006 3378 1143 3447 nou
1209 3403 1473 3467 possum
1533 3379 2066 3454 Mediobarbum‚
2148 3378 2261 3464 qui
2316 3377 2502 3464 nul-lo

1009 3498 1279 3550 auctore
1325 3483 1666 3546 Tiberium
1708 3482 1923 3546 statim
1966 3493 2225 3544 mortuo
2281 3480 2505 3564 Augu·

1008 3603 1114 3652 sto
1145 3600 1401 3669 patrem
1431 3587 1700 3667 patriae
1744 3581 1989 3647 dictum
2026 3597 2280 3647 temere
2319 3580 2507 3643 adse-

1008 3693 1117 3769 rit,
1152 3688 1349 3772 idque
1382 3697 1560 3750 tanto
1597 3684 1820 3769 magis,
1856 3684 2033 3769 quod
2064 3685 2208 3767 ipse
2248 3682 2502 3744 nullum

1010 3792 1270 3878 profert
1340 3808 1609 3851 numum
1695 3807 1777 3850 eo
1830 3785 2023 3865 titulo
2095 3786 2500 3868 inscriptum.

1011 3894 1272 3957 Eodem
1308 3911 1542 3955 errore
1578 3888 1876 3966 Patinus,
1914 3888 2054 3951 fors
2088 3887 2326 3952 ducem
2363 3891 2505 3950 Me-

1013 3993 1400 4059 diobarbum
1452 4005 1715 4055 secutus
1764 3992 2038 4055 Tiberio
2082 4012 2352 4054 numum
2391 3988 2503 4053 tri-

1012 4097 1156 4164 buit
1239 4095 1623 4179 inscriptum
1718 4087 2075 4160 nATl-IP.
2177 4085 2507 4155 ΠΑΤΡΙ-

1015 4195 1205 4263 ΔΟΣ
1259 4196 1348 4283 i),
1405 4197 1520 4283 qui
1585 4219 1712 4283 per
1778 4198 1944 4265 hanc
1992 4196 2200 4282 ipsam
2248 4196 2507 4284 epigra-

1014 4303 1193 4388 phen
1248 4315 1350 4366 est
1409 4302 1719 4389 Augusti,
1767 4316 1880 4368 aut
1929 4298 2231 4376 alterius,
2303 4297 2503 4364 modo

1017 4427 1152 4469 non
1185 4404 1459 4471 Tiberii.

2261 523 2842 651 mnnmvs.

3018 743 3340 826 Ponttfix
3380 746 3737 809 maximus.

2738 840 2944 919 Vide,
2983 863 3147 927 quae
3187 842 3284 909 de
3307 844 3438 908 hoc
3477 844 3649 911 dicta
3682 859 3834 913 suut
3866 844 3950 913 ad
3984 865 4091 913 an·

2612 946 2879 1015 numV.
2910 944 2982 1009 C.
3010 946 3160 1030 768.

3116 1128 3619 1215 Imperator.

2739 1247 3158 1330 Imperatoris
3187 1247 3376 1313 titulo
3408 1262 3705 1336 tanquam
3737 1253 4106 1336 praenomi-

2612 1346 2714 1409 nis
2755 1346 3063 1411 abstinuit
3096 1368 3392 1433 quoque,
3442 1366 3515 1416 ut
3554 1367 3828 1416 testatur
3875 1355 4108 1419 Sueto·

2612 1451 2757 1511 nius
2797 1447 2898 1533 ιι)ε
2966 1453 3375 1514 praenomen
3441 1457 3867 1536 imperatoris
3915 1490 3944 1505 ·
3993 1490 4023 1507 ·
4079 1489 4112 1507 -

2610 1555 2973 1628 recusavit,
3034 1565 3103 1614 et
3157 1553 3288 1615 Dio
3351 1553 3419 1615 in
3477 1554 3708 1618 eadem
3768 1556 3968 1623 verba
4020 1554 4108 1640 ¹),

2608 1650 2819 1736 quiet
2869 1650 3025 1714 alibi
3076 1653 3305 1731 tradit,
3351 1655 3820 1737 imperatorem
3869 1679 3942 1723 se
3979 1659 4108 1722 nisi

2604 1774 2643 1815 a
2693 1752 3006 1816 militibus
3058 1755 3279 1818 vocari
3327 1779 3578 1840 passum
3631 1780 3764 1822 non
3808 1782 3954 1825 esse
4003 1762 4105 1843 ¹¹¹).

2607 1854 3036 1917 Consentiunt
3078 1857 3292 1934 numi,
3345 1872 3413 1920 et
3464 1881 3821 1938 marmora,
3870 1863 3938 1924 iu
3968 1862 4108 1949 quiq
4186 1882 4198 1893 ·

2606 1951 2727 2018 bus
2771 1957 2912 2037 ejus
2950 1958 3120 2020 tituli
3156 1979 3288 2021 non
3328 1960 3735 2026 scribunturz
3779 1965 3959 2030 IMP.
3995 1966 4107 2028 Tr.

2617 2057 2995 2135 CAESAR,
3057 2057 3176 2122 sed
3236 2060 3659 2145 simplicitert
3738 2068 3847 2130 TI.
3901 2067 4110 2129 ‘CAE-

2618 2159 2809 2222 SAR.
2896 2159 3174 2227 Valeant
3234 2183 3397 2246 ergo
3459 2166 3643 2226 numi
3684 2166 3795 2228 uni
3840 2166 4108 2231 Goltzio

2614 2262 2938 2344 comperti
2974 2283 3121 2324 cum
3154 2263 3514 2349 epigraphe
3548 2262 3835 2333 ATTO.
3864 2266 4110 2332 TIBE-

2614 2358 2850 2424 Plo‘r.
2884 2376 3013 2427 etc.

2736 2466 3207 2547 Imperatorem
3281 2480 3495 2529 tamen
3567 2490 3606 2531 a
3672 2468 3964 2534 victoriis
4031 2490 4104 2536 se

2609 2564 2741 2628 dici
2788 2566 3105 2627 sustinuit.
3184 2567 3482 2633 Vidimus
3527 2569 3595 2630 in
3638 2571 3972 2635 annalibus
4016 2591 4103 2634 ex

2606 2665 2859 2743 numis,
2925 2667 3265 2731 Tiberium
3310 2669 3376 2730 in
3422 2670 3569 2735 trib.
3600 2686 3921 2754 potestate
3960 2674 4108 2738 XII.

2604 2768 2808 2830 fuisse
2845 2768 3316 2853 imperatorem
3353 2773 3434 2838 V.
3460 2817 3482 2850 ,
3517 2787 3709 2858 atque
3744 2773 3862 2835 sub
3898 2773 4110 2858 ipsum

2616 2869 2877 2954 imperii
2931 2870 3174 2935 aditum
3239 2873 3710 2958 imperatorem
3761 2877 3903 2942 VII.
3983 2878 4113 2940 Re·

2616 2972 2778 3056 liqui
2816 2970 3016 3056 igitur
3046 2976 3305 3037 numeri
3354 2976 3529 3040 inter
3572 2977 3875 3043 victorias
3925 2995 4114 3061 prae·

2618 3074 2931 3137 cedentes
2991 3075 3455 3159 dispertiendi,
3528 3100 3799 3162 quarum
3847 3079 4114 3164 quidem

2616 3175 2981 3239 meminere
3027 3177 3355 3255 historici,
3402 3181 3558 3264 quin
3597 3193 3815 3243 tamen
3850 3200 4116 3300 semper

2617 3277 2980 3354 adderent,
3033 3300 3119 3342 ex
3164 3281 3396 3365 quibus
3443 3281 3827 3347 acclamatus
3871 3284 3954 3346 sit
3992 3283 4113 3348 im·

2617 3397 2905 3469 perator.
3031 3384 3200 3445 Tres
3281 3381 3586 3447 victorias
3655 3384 3866 3447 refert
3944 3384 4110 3468 Dio,

2618 3507 2775 3571 quas
2829 3506 2906 3549 ea
2969 3485 3345 3548 acclamatio
3404 3491 3754 3550 consecuta
3808 3500 3948 3562 est,
4016 3484 4112 3548 ui·

2618 3588 2853 3651 mirum
2915 3585 2996 3648 ad
3047 3587 3131 3653 V.
3176 3586 3250 3650 C.
3294 3586 3449 3669 746,
3517 3590 3682 3670 759,
3732 3587 3899 3669 763,
3959 3587 4115 3654 reli

2620 3710 2778 3776 quas
2838 3688 3217 3752 dissimulat.
3317 3687 3616 3754 Velleius
3685 3688 3938 3778 Tiberii
3997 3711 4111 3758 res

2616 3792 2799 3855 bello
2864 3805 3117 3876 gestas,
3188 3803 3530 3878 antequam
3590 3790 3870 3876 imperio
3929 3791 4108 3858 solus

2613 3893 2978 3978 potiretur,
3043 3913 3387 3970 enarrans,
3451 3891 3576 3970 ait,
3656 3912 3810 3956 eum
3862 3907 4108 3977 septem

2614 3995 2986 4080 triumphos
3005 3999 3337 4071 meritum,
3372 3996 3588 4056 tribus
3593 3997 3823 4078 fuisse
3847 4010 4110 4058 conten·

2619 4111 2763 4162 tum
2806 4099 2893 4182 ¹²).
2965 4098 3069 4159 Ex
3121 4114 3252 4180 quo
3303 4093 3607 4178 apparet,
3662 4116 3814 4172 eum
3864 4096 4114 4183 septies

2619 4198 2865 4264 dictum
2893 4199 3359 4283 imperatorem
3397 4216 3481 4259 ex
3511 4197 3714 4265 rebus
3745 4200 3984 4283 gestis,
4025 4217 4114 4264 ex

2619 4304 2853 4389 quibus
2923 4315 3232 4384 septenos
3285 4298 3676 4384 triumphos*
3703 4313 3805 4363 est
3851 4319 4121 4386 promet
4219 4337 4230 4346 ·

2618 4406 2803 4469 ritus.
2864 4403 2953 4466 At
3001 4422 3167 4487 quae
3215 4400 3463 4465 fuerint
3508 4400 3633 4466 hae
3674 4402 3989 4468 victoriae
4032 4425 4109 4468 ac

1018 4687 1025 4698 ,
1095 4632 1158 4705 a)
1200 4631 1349 4707 Cap.
1369 4632 1458 4694 26.
1698 4626 1772 4702 b)
1809 4619 2072 4689 L.Lv11.
2101 4630 2226 4700 §.2
2474 4629 2537 4700 c)
2575 4625 2726 4686 ibid.
2758 4630 2812 4700 §.
2831 4635 2887 4690 8.
3133 4625 3202 4695 d)
3244 4627 3393 4703 Cap.
3413 4631 3504 4691 26.
3750 4628 3813 4699 e)
3854 4627 4014 4710 Cap.
4020 4629 4109 4693 67.

1000 4721 1075 4792 '0
1111 4718 1376 4782 1..LV11.
1408 4720 1457 4793 §-
1479 4728 1531 4785 8-
1566 4717 1861 4780 1..Lv111.
1899 4722 1948 4796 §.
1970 4730 2054 4781 12.
2260 4718 2327 4795 g)
2366 4717 2520 4776 Anu.
2540 4718 2587 4782 1.
2618 4731 2708 4782 72.
2917 4715 2990 4790 h)
3027 4717 3185 4776 Ann.
3216 4718 3292 4776 11.
3322 4727 3414 4782 87.
3618 4714 3670 4789 ἰ)
3709 4716 3893 4782 Numi
3915 4720 4118 4814 impp

1021 4830 1085 4889 p.
1102 4819 1194 4880 58.
1374 4808 1446 4884 k)
1484 4809 1637 4891 Cap.
1666 4812 1758 4877 26.
1939 4808 1992 4883 1)
2030 4806 2293 4872 1..LV11.
2327 4809 2376 4883 ς.
2395 4820 2449 4872 2.
2634 4809 2724 4884 m)
2761 4805 2911 4867 ibid.
2940 4809 2992 4880 §.
3014 4815 3066 4874 8.
3247 4809 3319 4880 u)
3358 4806 3423 4866 1..
3444 4805 3517 4884 ΙΙ.
3557 4823 3610 4867 c
3630 4820 3752 4872 122
