4509 5584
1421 497 2408 617 rnanfarroe
3416 548 3500 610 n

350 751 399 808 a
442 698 796 838 cognitis
837 718 1160 834 legibus
1200 714 1648 841 diversung
1706 731 1854 804 aut
1894 729 2315 832 peccatur,
2372 732 2526 804 aut·
2561 721 2876 805 saltem·
2893 723 3234 835 peccari.
3255 712 3498 817 vide-⁰

349 877 521 948 tur.-
565 863 775 947 Non·
796 854 1398 974 postulabimus
1452 870 1637 943 tum
1675 858 1780 939 ab
1840 868 2181 940 auctore
2196 925 2221 966 ‚
2279 869 2378 941 ut
2436 857 2611 973 ejus
2671 858 3096 953 dissensus.
3142 889 3483 948 causam

306 1016 315 1023 '
354 1012 722 1115 exponat
740 1067 766 1107 ‚
837 1023 1200 1110 eumque
1256 1008 1406 1080 aut
1473 994 1867 1080 incuriae·
1903 993 2600 1104 monetariorum,
2696 1009 2844 1081 aut
2902 1000 3508 1110 permutationi
3554 1105 3560 1112 ι

350 1137 807 1229 matricum
822 1204 848 1244 ‚
905 1146 1061 1219 aut·
1088 1132 1701 1229 certae-rationi
1719 1200 1759 1241 ‚.
1800 1131 1963 1216 sed·
1986 1131 2226 1215 nobis
2286 1133 2561 1216 minus
2601 1134 2981 1246 cognitae
2996 1204 3040 1243 „
3078 1137 3435 1250 imputet
3450 1171 3488 1246 3.

351 1290 451 1363 at
481 1270 1128 1391 posttssabirnUS‚
1173 1284 1283 1356 ut·
1308 1298 1505 1356 eum
1542 1268 2007 1355 dissensum
2038 1267 2348 1354 haheat
2382 1284 2951 1382 perspectum,
3009 1299 3108 1357 ac
3142 1287 3336 1359 tum
3363 1262 3508 1362 in?

358 1415 645 1499 dicare
697 1441 871 1499 non
918 1409 1278 1524 negligat
1296 1477 1322 1518 ,
1381 1436 1737 1493 numum
1791 1435 1973 1491 esse
2021 1434 2220 1492 vere
2260 1407 2700 1520 antiquum
2717 1477 2742 1515 ,
2800 1408 2907 1492 ad
2940 1407 3155 1494 haec
3195 1440 3493 1499 sanum

356 1551 909 1658 etillaesum,
966 1546 1381 1662 nihilque,
1436 1546 1526 1631 in
1570 1570 1755 1659 quo*
1780 1543 2221 1653 dissentit,.
2257 1571 2561 1657 anceps
2601 1558 2686 1630 et
2725 1547 3234 1662 ambiguum.
3300 1559 3486 1664 Quo

350 1703 625 1804 pacto.
646 1685 1206 1773 obtinebimus
1225 1752 1251 1793 ,
1309 1712 1481 1769 non
1515 1681 1787 1768 modoe
1812 1694 1910 1767 ut
1942 1682 2066 1766 rei
2103 1681 2628 1766 insolentiam
2662 1711 2968 1769 vocare
3005 1686 3097 1769 in
3137 1686 3495 1771 dubium

355 1856 534 1912 non
592 1820 1247 1939 possirnuS‚‚-sed
1307 1835 1409 1907 ut
1459 1821 1724 1906 omnis
1785 1819 2058 1905 etiam:
2093 1819 2435 1904 tollatur
2489 1820 2897 1934 suspicio,
2956 1822 3203 1934 illud,
3269 1825 3497 1939 quod

348 1964 728 2061 ‚insolens
764 1959 1138 2069 videtur,
1193 1986 1302 2044 ex
1336 1956 1830 2073 typographi
1875 1957 2151 2070 potius
2190 1956 2517 2061 incuria
2551 1957 2939 2045 fluxisse.-
2986 1969 3258 2074 Quam
3315 1952 3548 2078 qui-2

364 2102 589 2187 dem·
623 2098 1098 2184 cautionem
1171 2110 1303 2182 ut*
1323 2099 1505 2213 jure
1555 2096 1643 2179 in
1696 2094 2220 2180 Mediobarbi
2265 2095 2651 2210 catalogo
2703 2095 3265 2187 desideramus
3281 2168 3306 2210 ‚
3383 2102 3512 2188 ita·

343 2271 417 2331 ‚e
454 2264 861 2324 converso
919 2235 1396 2350 experimur
1412 2301 1437 2342 ‚
1497 2234 1568 2318 si
1605 2232 1750 2346 qui
1803 2233 2038 2316 numi
2077 2260 2540 2347 repugnare
2575 2233 3032 2321 rationibus
3069 2238 3502 2324 chronolo-

358 2377 573 2493 gicis
612 2374 1118 2461 videbantur
1134 2414 1189 2482 ‚,-
1236 2399 1531 2457 eorum
1581 2370 1822 2454 illum
1872 2370 2300 2457 mentione
2335 2370 2703 2456 studiose
2746 2372 3261 2461 abstinuisse.
3323 2364 3528 2462 Ex-'

357 2527 587 2601 stant
648 2512 885 2597 muni
922 2510 1280 2624 Philippi
1332 2507 1675 2627 junioris
1739 2507 2154 2620 imeripti:
2228 2510 2317 2594 P.
2352 2508 2672 2594 Mssa
2708 2510 2964 2598 avr.
2994 2515 3220 2601 cos.
3263 2515 3348 2599 P.
3372 2492 3503 2624 ΡΖ,

356 2653 593 2767 iique
650 2662 883 2736 tanto
937 2676 1329 2755 numero,
1407 2660 1505 2731 ut
1559 2645 2007 2731 verisimile
2063 2674 2231 2730 non
2291 2645 2462 2756 sit,
2512 2675 2652 2732 eos
2706 2647 2907 2757 viri,
2960 2651 3105 2764 qui
3163 2632 3530 2738 omnem'

356 2818 607 2876 suam
646 2814 986 2903 operam
1021 2783 1634 2899 conquirendae
1673 2796 2056 2868 monetae
2093 2785 2180 2869 R.
2221 2781 2540 2870 addixit
2556 2853 2582 2894 ,
2641 2787 2929 2901 fugere
2982 2787 3494 2904 diligentiam

362 2928 749 3042 potuisse.
805 2926 1138 3009 Tamen
1177 2950 1471 3007 eorum
1494 2922 1834 3006 nullum
1866 2920 1958 3004 in
1992 2922 2168 3033 ejus
2205 2922 2555 3035 Augusti
2596 2939 2931 3010 moneta
2978 2926 3486 3040 descriptum

360 3066 727 3180 reperias
745 3133 771 3174 ,
828 3060 1057 3149 haud
1116 3058 1413 3168 dubie,
1472 3057 1712 3175 quod‘
1754 3056 2409 3144 monetariorum
2448 3058 2537 3144 in
2575 3058 2674 3145 iis
2711 3062 3125 3163 „feriundis
3166 3066 3497 3178 lapsum

365 3180 499 3290 est
527 3202 1055 3316 suspicatus,
1097 3199 1247 3314 qui
1276 3225 1648 3285 aversam
1668 3265 1697 3307 ,
1761 3224 1975 3311 quae
2019 3194 2280 3310 patris
2323 3211 2495 3305 est,
2553 3196 2721 3286 filio
2756 3200 3292 3313 adflnxerint‚
3353 3217 3503 3289 aut

352 3339 594 3455 ‚quod
633 3369 777 3425 eos
829 3367 1117 3424 omnes
1181 3366 1362 3422 esse
1406 3333 1659 3448 patris
1701 3333 2058 3449 Philippi
2112 3334 2435 3446 putavit
2452 3403 2480 3443 ‚
2565 3335 2740 3423 etsi.
2765 3338 3018 3441 facies
3063 3339 3502 3457 juvenilior

364 3479 695 3563 nullum
724 3477 1165 3591 ¹relinquat
1228 3475 1645 3579 dubium„
1673 3473 1843 3558 filii.
1875 3473 1966 3558 in
2020 3471 2120 3555 iis
2174 3487 2427 3585 caput
2460 3502 2640 3559 esse
2675 3478 3208 3589 propositum.
3267 3480 3506 3564 Addo

360 3630 740 3703 veterem
758 3682 784 3723 ,
837 3615 1313 3730 justamque
1332 3611 1892 3698 eruditorum.
1926 3609 2354 3723 querelam
2373 3678 2398 3719 ‚
2458 3612 2546 3696 in
2586 3641 2702 3697 eo·
2726 3594 3104 3731 catalogo
3144 3606 3534 3702 mentio-²

370 3786 571 3842 nem
613 3751 955 3869 quidem
1012 3749 1322 3835 metalli
1361 3751 1708 3859 factam,
1768 3763 1856 3836 at
1907 3747 2296 3853 omissam
2333 3749 2586 3833 fuisse
2646 3778 2830 3836 eam
2850 3819 2876 3860 ,
2936 3746 3160 3867 quae
3205 3783 3506 3840 numo-

366 3922 563 3978 rum
608 3887 1223 4006 magnitudines
1258 3888 1750 4002 explicaret,
1811 3913 2168 4000 quarum
2217 3899 2501 3970 tamen
2557 3887 2959 3975 indicium
2979 3960 3004 3999 ‚
3063 3891 3505 4004 praecipue

364 4034 459 4118 in
505 4043 845 4116 moneta
874 4054 1180 4131 aenea„
1219 4025 1325 4108 ad
1370 4026 1637 4111 varias
1680 4051 1812 4109 res
1855 4024 2470 4138 cognoscendas
2507 4054 2846 4140 magnas
2904 4028 3172 4114 adfert
3211 4034 3506 4142 oppor-'
3633 4090 3656 4101 ,

364 4169 787 4255 tunitates.
834 4202 839 4211 ·

547 4306 823 4391 Multa
861 4303 1134 4388 adhuc
1187 4301 1536 4388 dicenda
1581 4305 1860 4387 forent
1897 4301 2003 4386 de
2063 4298 2544 4412 sphalmatis
2594 4266 2909 4414 passim,
2956 4258 3279 4417 obviis,·
3306 4332 3513 4419 quo·

364 4472 563 4530 rum
602 4470 911 4556 magna
952 4469 1139 4554 pars
1199 4469 1367 4525 non
1402 4453 1745 4554 poterat
1763 4438 1939 4527 nisi.
1970 4439 2076 4521 ab
2122 4437 2481 4523 auctoris
2519 4439 3081 4553 festinatione,
3140 4458 3238 4530 et·
3264 4471 3514 4558 opera

365 4578 940 4696 perfunctoria
972 4577 1418 4695 proficisci.
1478 4577 1616 4662 Ait
1659 4609 1734 4664 v.
1771 4607 1838 4662 c.
1860 4604 1897 4685 ‚·
1944 4575 2061 4660 Μ.
2100 4575 2554 4659 Antonium
2595 4577 2917 4685 dictum
2955 4580 3205 4667 fuisse
3243 4582 3514 4694 impe.

360 4729 735 4802 ratorem
779 4714 1045 4793 allato
1077 4718 1169 4795 in
1217 4704 1511 4792 urbem
1538 4711 1976 4794 Catilinae
2016 4709 2321 4816 capite,
2383 4705 2749 4822 citatque
2786 4714 2966 4824 ejus
3002 4706 3514 4800 testemDio-

2751 4858 2905 4937 be
