4509 5584
1501 598 2255 676 HADRIANVS.

330 792 529 856 saepe
578 769 661 835 ab
692 768 975 855 antiquis
1004 767 1111 847 fit,
1168 768 1433 833 excludi
1471 789 1707 831 annum
1740 768 1839 831 ul·

318 861 564 939 simum
604 920 623 950 ,
705 890 835 958 quo
904 871 1279 937 Hadrianus
1342 871 1835 952 Hierosolyma

318 974 535 1046 ⁴venit.
622 972 974 1041 Violenter
1029 973 1214 1052 satis,
1270 973 1399 1037 sed
1444 973 1526 1036 ad
1577 993 1835 1036 causam

320 1074 728 1142 necessario.
832 1074 1112 1139 Credam
1172 1088 1507 1159 praestare
1534 1120 1557 1152 ‚
1642 1073 1836 1154 hujus

324 1172 559 1245 aetatis
606 1177 1030 1264 chronologis
1082 1199 1222 1241 non
1278 1174 1834 1260 magnam-habe-

322 1302 410 1346 re
450 1278 687 1356 fidem,
769 1280 881 1364 qui
918 1279 1160 1364 passim
1211 1279 1533 1341 rationem
1581 1289 1834 1360 tempo-

324 1405 481 1447 rum
512 1382 682 1445 male
729 1379 1168 1468 descripsere.
1254 1380 1426 1443 Satis
1475 1392 1656 1456 esto,
1701 1391 1832 1441 tam

324 1495 658 1550 maturum
700 1483 1018 1546 Hadriani
1071 1484 1141 1545 in
1187 1481 1533 1558 Judaeam,
1620 1500 1696 1543 ac
1741 1478 1849 1546 vi-.

314 1586 553 1650 einum
609 1598 890 1652 tractum
941 1584 1076 1648 iter
1126 1606 1259 1648 non
1322 1583 1522 1647 modo
1574 1581 1838 1646 infirmo

324 1688 456 1750 niti
529 1687 992 1768 fundamento,
1078 1685 1197 1750 sed
1267 1687 1461 1749 etiam
1530 1683 1841 1768 componi

331 1809 466 1852 non
505 1809 701 1873 posse
738 1809 890 1852 cum
927 1777 1221 1851 instituto
1271 1787 1615 1862 itinerum,
1662 1784 1841 1870 quod

318 1889 458 1951 -sibi
521 1890 591 1952 in
657 1889 1081 1976 peragrandis
1154 1889 1418 1972 imperii
1481 1888 1837 1974 provinciis

328 1989 636 2076 praefixit
689 1992 1092 2074 Hadrianus,
1180 2005 1247 2055 et
1300 2011 1423 2054 nos
1480 1991 1551 2051 in
1596 1989 1837 2053 annali-

326 2093 455 2156 bus
527 2092 937 2177 digessimus.
1042 2093 1135 2154 At
1203 2112 1365 2157 vero
1431 2091 1835 2155 Hadrianum

330 2214 503 2257 anno
538 2194 804 2258 demum
838 2196 921 2264 V.
960 2194 1033 2261 G.
1065 2192 1189 2256 883
1235 2193 1436 2257 fuisse
1465 2194 1533 2255 in
1565 2192 1832 2271 Judaea,

270 2342 289 2355 ,
326 2310 406 2358 et
447 2296 603 2359 iude
649 2296 926 2361 intrasse
968 2298 1376 2380 Aegyptum,
1437 2294 1677 2378 docent
1717 2316 1835 2357 nu-

324 2396 430 2459 ·mi
489 2396 708 2461 Gazae
752 2398 1080 2475 «Iudaeae,
1170 2407 1237 2461 e't
1297 2418 1463 2482 quae
1520 2419 1713 2480 supra
1758 2394 1843 2460 ad

332 2521 607 2562 numum
657 2499 972 2563 Hadriani
1021 2499 1439 2582 inscriptum:
1498 2497 1845 2566 ADVEN-

340 2602 514 2669 TVI.
551 2600 757 2668 AVG.
800 2601 1467 2667 ALEXANDmAE.
1535 2599 1843 2665 disserui-

324 2723 526 2802 -mus3
1696 2741 1705 2746 -

959 2883 963 2889 ’
1076 2905 1115 2941 εκ

866 2954 904 2991 ᾖ
1288 2954 1325 2989 fi

683 3111 776 3173 Vt
811 3110 918 3173 lit.
947 3110 1025 3172 K.

342 3210 976 3279 RESTITVTORI.
1023 3210 1228 3277 AVG.
1273 3209 1618 3271 LIBYAE.
1664 3210 1732 3271 S.
1772 3210 1845 3272 C.

344 3317 716 3395 Imperator
758 3325 1032 3396 togatus
1058 3328 1251 3376 stans
1294 3313 1635 3374 mulierem
1667 3330 1845 3392 genu

322 3416 721 3501 flectentem
748 3415 1073 3479 sublevat.
1119 3413 1842 3489 AE.1.(PelterinMel.

328 3519 396 3584 -Ι,
438 3517 719 3600 Ρ.,αυ5.)

429 3616 897 3683 Medioharbus
953 3638 1035 3683 eo
1074 3619 1225 3682 loco
1247 3662 1263 3694 ,
1318 3637 1451 3702 quo
1496 3620 1849 3682 restitutas

330 3719 428 3785 ab
504 3719 839 3792 Hadriano
900 3720 1270 3803 provincias
1338 3719 1610 3795 recitat,
1697 3740 1847 3782 cum

344 3822 428 3885 ad
462 3821 735 3906 Libyam
773 3835 1161 3905 perventum
1196 3834 1296 3885 est
1319 3868 1336 3898 ,
1400 3822 1545 3905 ejus
1578 3842 1847 3884 numum

342 3924 540 4008 plane
609 3923 1058 4009 perfunctorie
1115 3924 1209 3987 sic
1265 3921 1614 3986 describitt
1698 3924 1848 3996 RE<

348 4025 860 4092 s'rrrV‘roffl.
878 4027 1228 4104 LYBIAE,
1257 4024 1440 4088 nulla
1466 4023 1634 4092 facta
1664 4043 1846 4087 men-

298 4129 307 4138 '
343 4129 529 4198 tione
560 4148 681 4190 seu
712 4125 887 4211 typi,
944 4147 1064 4190 seu
1101 4127 1348 4202 musei,
1410 4145 1544 4211 quo
1579 4126 1841 4203 factum,

336 4244 420 4293 nt
453 4229 795 4294 monstrati
825 4227 1017 4313 hujus
1051 4228 1234 4292 numi
1264 4227 1512 4293 nnllam
1546 4223 1844 4291 esse‘ha-

330 4329 630 4395 ⁴betulam
680 4331 1009 4395 rationem
1064 4343 1414 4396 censerent
1468 4323 1838 4416 antiquarii.

347 4436 423 4496 Iu
472 4434 615 4498 aliis
647 4432 958 4520 catalogis
1003 4433 1340 4512 omnibus,
1399 4445 1721 4528 quotquot
1750 4454 1853 4498 re·

347 4537 534 4621 peri,
594 4557 749 4600 eum
794 4555 1062 4602 nummu
1102 4535 1374 4602 reticeri
1430 4535 1650 4601 ,videm
1730 4536 1854 4602 .Se·

340 4639 489 4702 rius
522 4639 712 4702 illum
761 4657 843 4700 ex
888 4658 1117 4702 museo
1157 4657 1274 4701 suo
1314 4631 1611 4720 vulgavit'
1640 4638 1856 4703 Pelle·

436 4742 625 4824 (Vol.
658 4741 810 4822 VJ.)

3295 618 3434 698 κιο-ι

1949 769 2193 845 rinius,
2251 788 2482 834 verum
2519 768 2612 844 is,
2670 782 2740 831 ut
2774 769 2854 832 ab
2895 786 3163 835 auctore
3201 793 3444 855 propo-

1949 872 2164 949 nitur,
2205 870 2518 933 nonnulla
2551 869 2746 933 offert
2774 871 3137 935 insolentia.
3209 857 3447 957 LEpt'-

1952 972 2201 1057 graphe
2265 972 2543 1055 capitis=
2617 973 3155 1041 HADRIANVS.
3241 975 3498 1056 AVG„

1953 1073 2143 1138 COS.
2164 1075 2274 1139 111.
2304 1074 2373 1133 in
2405 1073 2588 1137 nullo
2636 1076 2953 1139 hactenus
2983 1074 3303 1137 Hadriani
3334 1097 3451 1139 nu·

1942 1196 2058 1238 suo
2087 1157 2123 1238 a
2150 1197 2260 1238 me
2290 1189 2626 1258 comperta
2645 1189 2775 1239 est.
2850 1176 2984 1240 Sed
3013 1177 3223 1241 levius
3249 1168 3448 1256 istud,

1933 1276 2216 1360 -Majoris
2246 1278 2564 1341 momenti
2599 1292 2737 1356 est,
2781 1278 2959 1364 quod
2992 1280 3059 1341 in
3105 1300 3188 1343 eo
3228 1278 3453 1344 obser-

1938 1397 2033 1440 -vo
2101 1379 2181 1443 ll.
2213 1423 2231 1454 ,
2317 1377 2622 1440 nimirum
2684 1381 3092 1466 epigraphen
3141 1403 3450 1446 aversae:

1942 1479 2578 1547 -REs'rt'rV'rOm,
2611 1482 2812 1544 AUG.
2841 1483 3192 1549 LIBYAE.
3276 1482 3455 1575 Quid

1952 1580 2083 1644 huc
2128 1580 2399 1666 irrepsit
2427 1582 2817 1670 vocabulum
2857 1584 3101 1663 AVG„
3170 1583 3348 1669 quod
3386 1575 3455 1646 in

1957 1682 2257 1747 omnibus
2316 1685 2763 1750 restitutamm
2806 1685 3292 1771 provinciarum
3325 1706 3458 1749 nu·

1955 1784 2077 1847 mis
2137 1800 2513 1850 constanter
2569 1787 2751 1850 abest
2778 1833 2796 1866 ‚
2883 1809 3244 1874 quanquam
3289 1786 3457 1851 adsit

1942 1899 2335 1952 ,constanter
2371 1888 2436 1948 in
2472 1889 2685 1952 numia
2711 1888 3077 1974 inscriptis:
3121 1883 3457 1960 ADVEN-
3515 1875 3530 1882 ’

1953 1990 2125 2055 TVI.
2179 1987 2432 2056 AVG.‘.>
2496 1992 2733 2058 Vtrum
2791 2006 3007 2055 exstet
3056 1991 3297 2055 alicubi
3336 2013 3454 2054 nu·

1950 2109 2101 2153 mus
2139 2091 2770 2158 RES'I'ITVTORI.
2803 2092 3010 2160 AVG.
3048 2094 3460 2176 amens,

1953 2212 2151 2277 quem
2223 2192 2317 2253 ibi
2384 2192 2485 2257 vir
2547 2194 2839 2257 eruditus
2901 2193 3058 2257 citat
3091 2237 3110 2271 ,
3197 2195 3456 2280 ignore,

1944 2308 2150 2377 atque
2198 2295 2397 2356 etiam
2453 2296 2769 2378 majorem
2827 2296 2895 2357 in
2951 2294 3221 2358 modum
3274 2294 3460 2359 dubi-

1942 2408 2063 2470 -t03
2106 2417 2258 2465 nam
2301 2394 2564 2460 videtur
2595 2397 2782 2466 ‚hunc
2807 2417 3076 2460 numum
3116 2397 3319 2461 citare
3355 2418 3461 2462 so-

1948 2497 2096 2564 lum
2158 2497 2242 2560 de
2304 2498 2656 2576 memoria,
2740 2512 2808 2563 et
2847 2521 2980 2563 non
3024 2501 3340 2564 consultis
3385 2500 3460 2563 li-

1946 2598 2127 2677 bris,
2207 2595 2485 2683 perinde
2534 2616 2729 2686 atque
2780 2623 2934 2664 mox
2980 2600 3150 2665 infra
3203 2603 3464 2666 confer·
3581 2585 3592 2594 ’

1957 2700 2076 2763 tim
2118 2700 2403 2776 fallitur,
2467 2721 2616 2764 cum
2666 2699 2954 2778 adserit,
3016 2724 3149 2765 non
3200 2718 3459 2768 exstare

1954 2822 2193 2868 numos
2241 2802 2631 2885 inscriptos:
2716 2795 3205 2872 ADVEN'I'VI.
3250 2806 3458 2872 AVG.

1963 2904 2339 2968 SICILIAE
2358 2948 2376 2980 ,
2412 2903 2651 2968 deinde
2685 2918 2988 2969 auctores
3020 2923 3284 2972 veteres
3312 2929 3462 2970 nus-

1958 3026 2156 3091 quam
2186 3004 2613 3084 confirmare,
2671 3007 3073 3071 Hadrianum
3113 3007 3462 3094 aliquando

1961 3121 2072 3171 aut
2114 3109 2181 3169 in
2229 3108 2509 3186 Achaia,
2553 3122 2685 3172 -aut
2734 3110 2799 3172 in
2840 3111 3063 3174 Sicilia
3100 3132 3464 3175 commora-

1962 3224 2134 3288 tum,
2219 3210 2403 3294 cujus
2453 3223 2671 3273 tamen
2720 3212 3148 3295 profectionis
3197 3214 3463 3297 copiosa

1963 3326 2266 3376 veterum
2304 3311 2618 3376 habemus
2656 3314 3060 3392 testimonia,
3120 3336 3285 3399 quac
3328 3317 3462 3378 suis

1950 3416 2127 3488 ,locis
2157 3414 2436 3479 indicata
2471 3415 2793 3500 reperies.
2872 3416 2980 3479 Ad
3008 3438 3276 3481 numum
3311 3437 3466 3502 pro-

1964 3518 2248 3604 positum
2286 3531 2358 3581 ut
2403 3517 2702 3594 redeam,
2767 3532 3041 3603 utraque
3082 3542 3118 3582 a
3172 3540 3279 3583 me
3315 3539 3466 3603 pro·

1962 3620 2171 3704 posita
2197 3619 2367 3683 ratio
2399 3611 2831 3704 persuaderet
2865 3622 3096 3700 facile,
3121 3643 3278 3688 eum
3317 3642 3465 3685 esse

1962 3724 2170 3788 malae
2219 3736 2417 3787 notae
2470 3735 2813 3801 mercem,
2867 3724 2993 3788 nisi
3046 3746 3197 3790 eum
3241 3725 3469 3809 geuui-

1961 3846 2118 3889 num
2167 3837 2469 3889 tueretur
2508 3838 2742 3889 auctor
2797 3824 3051 3909 gravis,
3109 3839 3188 3890 .et
3244 3826 3466 3911 magni

1962 3928 2030 3989 in
2091 3927 2366 3990 scientia
2429 3939 2652 3989 nostra
2705 3927 2986 3990 nominis
3044 3928 3464 3992 Pellerinius.

1962 4027 2194 4091 Fuisse
2246 4026 2494 4108 Libyae
2537 4040 2675 4092 tum
2732 4029 3013 4092 maxime
3062 4048 3227 4112 opus
3275 4015 3472 4091 resti-⁸

1958 4141 2179 4192 tutore
2224 4130 2558 4212 Augusto,
2621 4128 2827 4193 nimio
2857 4141 3149 4206 certum,
3205 4126 3466 4215 quando
3559 4133 3570 4140 ”

1958 4231 2322 4313 imperante
2369 4230 2686 4314 Traiano,
2775 4244 2844 4295 et
2889 4229 3221 4294 Hadriano
3270 4255 3302 4296 a
3355 4231 3467 4292 Ju·
3593 4227 3604 4238 “

1970 4330 2148 4395 dacis
2180 4329 2544 4395 rebellibus
2589 4332 2759 4396 ultra
2809 4332 3092 4398 ducenta
3127 4335 3466 4398 hominum

1971 4432 2176 4498 millia
2233 4452 2423 4498 caesa
2475 4446 2730 4498 constat
2763 4480 2783 4512 ,
2869 4434 2955 4500 de
3010 4456 3135 4519 qua
3186 4437 3468 4502 miserae

1972 4533 2264 4619 regionis
2344 4533 2700 4598 calamitate
2763 4534 2916 4601 vide
2975 4537 3262 4602 Dionem
3296 4581 3315 4615 ,
3403 4553 3471 4603 et

1975 4639 2311 4704 Orosium.
2398 4636 2798 4703 Hadrianum
2840 4638 2910 4701 in
2941 4638 3154 4705 vicina
3186 4642 3470 4706 Alexan-

2868 4740 2930 4802 R
2972 4762 3012 4803 r
3051 4764 3086 4805 r
3140 4757 3164 4770 ¹·
