4509 5584
1548 651 1553 654 ,
1598 566 2345 688 nanniatws.

3366 583 3520 656 Ιιῖό

1364 947 2568 1020 HADRIANVS.

485 1175 561 1237 P.
626 1170 829 1238 Acelio
892 1166 1265 1247 Hadriano,
1343 1185 1427 1235 ut·
1490 1189 1645 1240 eum
1715 1181 1909 1233 ⁷uocat:
2022 1169 2294 1234 uoniam
2357 1167 2746 1232 inferiorem
2816 1169 3052 1234 missus
3125 1173 3520 1256 compressis

392 1274 533 1340 'Dio
574 1278 670 1359 ⁸),
727 1273 939 1357 major
964 1273 1198 1357 patria
1244 1272 1370 1337 fait
1418 1274 1666 1338 Hadria
1717 1271 1935 1336 Pice-·

382 1380 506 1456 ·ni,
573 1375 753 1442 unde
799 1376 1089 1461 majores
1132 1375 1276 1458 ejus
1328 1377 1617 1461 profecti
1664 1375 1919 1459 Scipio·

372 1489 558 1545 mum
641 1491 858 1545 aetate
944 1476 1135 1564 apud„
1199 1478 1484 1542 Italicam
1557 1477 1911 1563 Hispaniae
1992 1492 2133 1545 ·tus
2187 1478 2261 1562 i).

411 1581 858 1648 consederunt
890 1579 984 1664 ¹²).
1067 1581 1267 1644 Pater
1324 1582 1465 1664 ejus
1516 1580 1643 1644 fuit
1683 1578 1914 1643 Aelius

404 1683 813 1750 Hadrianus‘
861 1694 1307 1765 cognomento
1354 1682 1598 1762 'Afer,
1700 1694 1916 1746 mater

400 1786 689 1860 Domitia
735 1784 1007 1849 Paulina
1057 1783 1258 1846 domo
1309 1782 1596 1847 Gadibus
1613 1829 1639 1862 ,
1696 1797 1914 1846 natus-

401 1911 531 1977 que
597 1901 699 1953 est
760 1889 1012 1950 Romae
1070 1885 1186 1951 Ix.
1245 1883 1405 1960 Kal.
1448 1885 1655 1950 Febr.
1708 1887 1793 1954 V.
1840 1886 1913 1947 C.

401 1995 667 2075 unq-0),
702 1987 1069 2054 secundum
1112 1986 1278 2052 alios
1304 1986 1587 2051 Julian
1620 1985 1704 2064 d).
1779 1988 1916 2049 De-

404 2094 631 2168 cennis
705 2107 893 2176 patre
975 2090 1247 2153 orbatus
1297 2088 1367 2150 in
1423 2089 1695 2153 tutelam
1753 2091 1915 2153 Tra-

407 2198 575 2281 iano·
613 2192 1018 2260 consobrino
1061 2211 1183 2256 suo
1226 2213 1303 2256 ae
1349 2190 1703 2273 municipi,
1766 2189 1917 2253 sub·

388 2298 579 2362 inde·
625 2299 962 2382 Augusto,
1007 2307 1103 2357 at
1167 2307 1307 2356 tum
1370 2292 1664 2377 praetori
1726 2273 1916 2356 datus

412 2415 513 2465 est
557 2402 641 2483 θ).
731 2397 949 2462 obitis
1025 2396 1277 2480 primae
1365 2394 1593 2459 aetatis
1677 2393 1929 2456 muniis-

406 2501 756 2566 translatus
806 2501 878 2561 in
920 2498 1277 2575 Moesiam„
1337 2495 1613 2562 subinde
1654 2496 1921 2581 profec-

406 2619 510 2667 tus
573 2603 657 2667 ad
713 2602 1103 2685 Traianum,
1183 2614 1259 2664 ut
1321 2619 1566 2665 novum
1624 2598 1919 2683 adoptio·

388 2729 494 2770 -ne
529 2707 895 2769 Gaesarem-
915 2703 1263 2780 salutaret,
1302 2716 1372 2765 et
1404 2701 1737 2765 exercitus
1774 2721 1929 2785 gra·

382 2810 799 2872 ‚tulationem
864 2804 1162 2868 deferret
1178 2849 1209 2882 ,.
1267 2805 1336 2866 in
1401 2802 1751 2867 Germania
1816 2823 1921 2865 su-

414 2910 683 2994 periore
722 2908 1086 2974 consistere
1120 2908 1332 2990 jussus
1369 2905 1471 2969 est
1514 2905 1588 2987 ί).
1634 2904 1927 2986 Traiano

416 3032 565 3075 cum
616 3025 894 3096 propter
937 3030 1192 3087 mores,
1248 3022 1391 3071 tum
1440 3006 1720 3070 formam
1770 3008 1922 3070 cha·

410 3137 527 3178 rus
569 3111 1101 3198 primum'„dein
1142 3111 1334 3175 ducta
1374 3110 1514 3194 ejus
1558 3127 1642 3174 ux
1685 3128 1921 3171 sorore

412 3217 764 3281 Marciaua-
811 3227 1011 3298 nepte
1083 3213 1319 3277 Sabina
1391 3211 1632 3276 arctius
1703 3208 1922 3273 eidem

415 3319 798 3401 conjunctus
876 3315 1051 3381 viam
1124 3314 1207 3377 ad
1286 3334 1663 3395 supremum
1743 3312 1921 3375 fasti-

417 3421 595 3504 gium
649 3418 1019 3503 planiorem
1074 3430 1176 3480 est
1220 3429 1473 3480 nactus.
1545 3415 1628 3480 V.
1667 3414 1743 3478 C.
1792 3415 1922 3488 854

416 3535 761 3605 quaestor,
811 3533 1004 3604 atque
1058 3531 1289 3582 exacto
1338 3518 1466 3580 hoc
1510 3535 1786 3579 munere
1837 3515 1920 3578 ad

415 3623 663 3687 bellum
704 3622 1019 3687 Dacicum
1068 3611 1417 3705 Trajanum
1466 3633 1565 3682 est
1608 3639 1922 3702 prosecu-

415 3740 541 3791 tus.
626 3727 713 3794 V.
759 3726 833 3790 C.
898 3725 1025 3789 858
1096 3724 1396 3787 tribunus
1473 3721 1725 3805 plebis,
1812 3742 1926 3785 eo·

418 3826 700 3912 demque
764 3821 910 3890 fet-'e
973 3839 1273 3910 tempore
1327 3826 1601 3888 alteram
1655 3825 1926 3908 expedi-

418 3931 667 3996 tionem
726 3929 1039 4016 Dacicam·
1097 3939 1414 4002 sectatus,
1489 3928 1928 4009 praepositus·

418 4054 548 4117 que
602 4031 854 4114 legioni
897 4033 948 4096 1.
990 4028 1354 4116 Minerviae
1411 4027 1751 4111 praeclara
1798 4026 1932 4089 edi-

419 4135 516 4196 dit
564 4132 820 4212 yirtutis
870 4129 1229 4228 specimina
1275 4131 1363 4212 ε).
1434 4128 1754 4193 Confecto
1800 4129 1932 4193 hoc

418 4236 602 4300 bello
644 4249 913 4318 praetor
945 4235 1141 4297 ludos
1180 4231 1564 4316 magnificos
1600 4231 1807 4295 edidit
1836 4225 1927 4311 ι1).

418 4341 583 4402 Post
622 4333 791 4401 haec
840 4337 1097 4422 legatus
1138 4358 1262 4421 pro
1309 4349 1618 4419 praetore
1658 4333 1731 4395 in
1766 4335 1931 4396 Pan·

2026 1272 2339 1339 Sarmatis
2394 1269 2802 1336 consulatum
2857 1271 2982 1335 sibi
3030 1275 3350 1351 emeruit,
3415 1275 3526 1358 qui

2025 1391 2248 1444 tamen
2304 1374 2676 1440 ordinarius
2725 1395 2861 1438 nen
2908 1374 3070 1452 fuit,
3123 1375 3247 1440 sed
3293 1374 3531 1441 suffec-

2373 1480 2570 1542 Hune
2673 1477 3083 1541 consulatum
3178 1478 3530 1545 Pauviuius

2028 1602 2199 1647 anno
2241 1583 2327 1648 V.
2370 1582 2444 1645 C.
2501 1580 2629 1643 862
2694 1579 2925 1665 illigat.
3011 1582 3224 1666 Magis
3289 1580 3530 1646 deinde

2028 1686 2097 1748 in
2145 1681 2656 1748 familiaritatem
2709 1683 2972 1765 Traiani
3016 1684 3332 1750 admissus
3383 1686 3535 1748 Plo·

2027 1787 2205 1851 tinae
2273 1785 2628 1869 praecipue
2691 1785 2946 1864 studio,
3020 1786 3378 1851 destinatus
3435 1800 3538 1849 est

2030 1889 2287 1973 legatus
2331 1887 2414 1950 ad
2447 1886 2796 1952 imminens
2839 1887 3093 1951 hellum
3127 1890 3532 1953 Parthicum.

1968 2065 1980 2082 .
2030 1993 2112 2060 V.
2161 1991 2235 2055 C.
2301 1991 2428 2068 870
2495 2010 2646 2053 cum
2712 1990 3030 2074 Traianus
3091 2001 3378 2075 propter·
3429 1991 3538 2054 ad·

2028 2114 2289 2160 versam
2335 2093 2779 2158 valetudinem
2831 2092 3120 2156 reditum
3166 2111 3250 2155 ex
3298 2091 3540 2156 Orien-

2031 2210 2100 2260 te
2157 2194 2481 2281 pararet‚·
2539 2197 2944 2260 Hadrianum
3003 2196 3075 2258 iu
3133 2215 3374 2259 annum
3437 2216 3541 2257 se-

2032 2313 2346 2383 quentem
2388 2298 2650 2361 Plotina
2703 2310 2943 2382 agente
2986 2296 3324 2361 consulem
3371 2296 3541 2360 desi-

2002 2413 2303 2486 ·gnatum
2377 2401 2447 2461 in
2522 2401 2709 2482 Syria
2791 2421 2940 2464 cum
3018 2400 3315 2465 exercitu
3387 2399 3545 2460 reli-

2032 2504 2175 2589 quit
2230 2501 2316 2580 ¹⁵).
2373 2504 2637 2585 *Neque
2718 2503 2927 2565 multo
2995 2517 3148 2587 post
3222 2502 3539 2587 Traianus

2033 2605 2204 2689 apud
2274 2605 2688 2668 Selinuntem
2749 2604 3019 2668 Ciliciae
3090 2604 3174 2667 ad
3249 2617 3544 2667 extrema

2035 2706 2356 2771 deductus
2399 2705 2638 2770 invitus
2684 2706 2994 2790 quidem,
3042 2726 3273 2771 verum
3328 2726 3541 2770 uxore

2034 2808 2364 2872 machinas
2415 2828 2644 2872 omnes
2697 2807 3090 2874 admovente
3137 2807 3541 2871 Hadrianum

2036 2910 2370 2995 adoptavit
2426 2908 2498 2993 ¹).
2604 2911 2746 2973 Nec
2828 2911 3099 2987 desunt,
3186 2910 3299 2995 qui
3372 2910 3545 2972 cela-

2035 3027 2166 3077 tam
2227 3033 2352 3095 per
2407 3012 2655 3096 aliquot
2709 3011 2853 3077 dies
2901 3011 3164 3095 Trajani
3217 3025 3539 3086 mortem,

2038 3127 2107 3179 et
2140 3115 2535 3198 compositas
2575 3114 2840 3177 interim
2876 3136 2912 3178 a
2941 3114 3204 3177 Plotina
3249 3114 3545 3199 adoptio-

2036 3218 2141 3280 nis
2166 3217 2440 3295 tabulas,
2469 3237 2710 3301 easque
2743 3216 2826 3281 ad
2855 3231 3148 3282 senatum
3178 3217 3404 3282 missas
3434 3217 3546 3282 atl-

2038 3332 2344 3396 sererent
2378 3321 2482 3402 ω).
2607 3350 2613 3356 ·

2122 3507 2886 3627 *HADRIANVS
2942 3559 3433 3626 CAESAR.

2123 3719 2492 3781 Numorum
2538 3716 2858 3782 Hadriani
2901 3691 3146 3803 ‘agmen
3194 3719 3390 3784 ducat
3434 3738 3550 3780 nu—

2043 3843 2187 3885 mus
2228 3821 2432 3886 mirae
2470 3820 2748 3886 indolis:

2371 3925 2548 3989 mP.
2611 3923 2859 3987 CAES.
2920 3919 3123 3984 NER.
3192 3922 3547 3986 TRAIAN.

2382 4024 2685 4088 OPTIM.
2739 4023 2948 4089 AVG.
3011 4023 3284 4089 GERM.
3347 4025 3550 4088 DAC.

2388 4127 2603 4205 Caput
2650 4125 2923 4202 Traiani
2956 4125 3359 4187 laureatum.

2047 4226 2540 4290 HADmANo.
2636 4224 3056 4290 TRAIANO.
3148 4225 3547 4289 CAESAffl.

2020 4333 2272 4410 *Caput
2304 4331 2643 4392 Hadriani
2674 4330 3078 4392 laureatum.
3120 4328 3266 4392 AV.

416 4575 429 4582 ⁶
497 4584 561 4655 a)
601 4582 668 4637 L.
698 4579 960 4656 nynt.
1000 4580 1051 4653 ς.
1075 4591 1164 4644 33.

418 4672 773 4740 Iomandes,
805 4670 1147 4744 Hieronym.
1178 4668 1241 4728 iu
1273 4670 1498 4728 Chron.
1530 4668 1749 4726 Euseb.

416 4763 495 4837 li)
535 4747 687 4820 ibid.

416 4853 473 4926 1)
512 4851 758 4928 Eutrop.
791 4850 1089 4927 spartian.

549 4944 741 5027 (Vol.
770 4945 842 5006 V
833 4942 925 5026 I)

888 4760 938 4835 i)
978 4761 1175 4838 Spart.
1206 4761 1320 4817 Dio
1350 4761 1418 4817 L.
1450 4757 1648 4815 LXIX.

1368 4578 1439 4653 b)
1481 4579 1777 4660 spartian.-
1804 4577 2015 4638 Victor
2042 4575 2102 4632 in
2132 4574 2286 4651 Epit.

1955 4669 2019 4739 e)
2042 4663 2344 4743 spartian.
2373 4664 2508 4720 Dio.

1852 4759 1920 4830 k)
1964 4757 2157 4834 Spart.
2204 4754 2321 4811 Dio
2350 4753 2418 4809 L.
2448 4751 2709 4812 LXVIII.
2757 4753 2805 4824 §.
2832 4764 2921 4816 53.
2972 4762 3032 4807 et
3067 4750 3132 4807 L.
3162 4747 3366 4809 LXIX.
3390 4749 3396 4756 ’
3418 4752 3469 4825 §.
3501 4767 3551 4814 ι.

1295 4852 1384 4924 m)
1426 4848 1715 4926 Spartiau.
1748 4850 1867 4907 Dio
1900 4848 1967 4906 L.
2000 4845 2202 4907 LXIX.
2237 4846 2286 4919 §.
2320 4858 2371 4908 ι.
2410 4843 2619 4903 Victor
2649 4843 2712 4902 in
2747 4842 2949 4899 caess.
2985 4839 3316 4898 cedrenus.

3092 4567 3162 4641 d)
3201 4569 3542 4645 Eutropius,

3303 4662 3369 4738 g)
3398 4659 3548 4718 ibid.

2490 4573 2552 4644 c)
2594 4571 2883 4647 spartian.

2714 4663 2770 4734 s)
2805 4660 3101 4740 spartian.

2801 4930 3057 4995 ·Ooo
