<?xml version="1.0" encoding="UTF-8"?>
<!DOCTYPE html PUBLIC "-//W3C//DTD XHTML 1.0 Transitional//EN"
    "http://www.w3.org/TR/xhtml1/DTD/xhtml1-transitional.dtd">
<html xmlns="http://www.w3.org/1999/xhtml" xml:lang="en" lang="en">
 <head>
  <title>
</title>
<meta http-equiv="Content-Type" content="text/html;charset=utf-8" />
  <meta name='ocr-system' content='tesseract 3.04.00' />
  <meta name='ocr-capabilities' content='ocr_page ocr_carea ocr_par ocr_line ocrx_word'/>
</head>
<body>
  <div class='ocr_page' id='page_1' title='image "./doctrinanumorum00unkngoog_0095.png"; bbox 0 0 4509 5584; ppageno 0'>
   <div class='ocr_carea' id='block_1_1' title="bbox 1464 588 2331 698">
    <p class='ocr_par' dir='ltr' id='par_1_1' title="bbox 1464 588 2331 698">
     <span class='ocr_line' id='line_1_1' title="bbox 1464 588 2331 698; baseline 0.003 -5"><span class='ocrx_word' id='word_1_1' title='bbox 1464 588 1471 595; x_wconf 84' lang='grc'><strong>’</strong></span> <span class='ocrx_word' id='word_1_2' title='bbox 1522 620 1627 694; x_wconf 83' lang='grc' dir='ltr'><strong>Μ.</strong></span> <span class='ocrx_word' id='word_1_3' title='bbox 1690 606 2331 698; x_wconf 63' lang='grc' dir='ltr'><strong>ΑΝΤΟΝΝΒ.</strong></span> 
     </span>
    </p>
   </div>
   <div class='ocr_carea' id='block_1_2' title="bbox 358 789 1869 977">
    <p class='ocr_par' dir='ltr' id='par_1_2' title="bbox 358 789 1869 977">
     <span class='ocr_line' id='line_1_2' title="bbox 363 789 1869 877; baseline -0.001 -21"><span class='ocrx_word' id='word_1_4' title='bbox 363 790 617 856; x_wconf 77' lang='lat' dir='ltr'><strong>adferri</strong></span> <span class='ocrx_word' id='word_1_5' title='bbox 653 808 850 877; x_wconf 85' lang='lat' dir='ltr'><strong>posse</strong></span> <span class='ocrx_word' id='word_1_6' title='bbox 884 809 1161 852; x_wconf 85' lang='lat' dir='ltr'><strong>causam.</strong></span> <span class='ocrx_word' id='word_1_7' title='bbox 1216 789 1539 869; x_wconf 78' lang='lat' dir='ltr'><strong>Primam,</strong></span> <span class='ocrx_word' id='word_1_8' title='bbox 1583 791 1757 876; x_wconf 88' lang='lat' dir='ltr'><strong>quod</strong></span> <span class='ocrx_word' id='word_1_9' title='bbox 1786 813 1869 856; x_wconf 85' lang='lat' dir='ltr'><strong>ex</strong></span> 
     </span>
     <span class='ocr_line' id='line_1_3' title="bbox 358 891 1869 977; baseline 0.001 -21"><span class='ocrx_word' id='word_1_10' title='bbox 358 894 603 959; x_wconf 84' lang='lat' dir='ltr'><strong>Dione·</strong></span> <span class='ocrx_word' id='word_1_11' title='bbox 644 893 843 957; x_wconf 71' lang='lat' dir='ltr'><strong>video</strong></span> <span class='ocrx_word' id='word_1_12' title='bbox 897 891 995 975; x_wconf 76' lang='lat'><strong>⁸),</strong></span> <span class='ocrx_word' id='word_1_13' title='bbox 1070 891 1426 959; x_wconf 84' lang='lat' dir='ltr'><strong>Antonium</strong></span> <span class='ocrx_word' id='word_1_14' title='bbox 1466 893 1624 977; x_wconf 85' lang='lat' dir='ltr'><strong>·jam</strong></span> <span class='ocrx_word' id='word_1_15' title='bbox 1699 914 1869 958; x_wconf 85' lang='lat' dir='ltr'><strong>anno</strong></span> 
     </span>
    </p>
   </div>
   <div class='ocr_carea' id='block_1_3' title="bbox 356 994 1959 1087">
    <p class='ocr_par' dir='ltr' id='par_1_3' title="bbox 356 994 1959 1087">
     <span class='ocr_line' id='line_1_4' title="bbox 356 994 1959 1087; baseline 0.002 -31"><span class='ocrx_word' id='word_1_16' title='bbox 356 996 446 1063; x_wconf 75' lang='lat' dir='ltr'><strong>V.</strong></span> <span class='ocrx_word' id='word_1_17' title='bbox 494 996 570 1061; x_wconf 90' lang='lat' dir='ltr'><strong>C.</strong></span> <span class='ocrx_word' id='word_1_18' title='bbox 630 997 797 1081; x_wconf 63' lang='lat'><strong>718,</strong></span> <span class='ocrx_word' id='word_1_19' title='bbox 872 1009 938 1061; x_wconf 82' lang='lat' dir='ltr'><strong>et</strong></span> <span class='ocrx_word' id='word_1_20' title='bbox 976 994 1184 1080; x_wconf 70' lang='lat' dir='ltr'><strong>-quod</strong></span> <span class='ocrx_word' id='word_1_21' title='bbox 1251 994 1576 1079; x_wconf 83' lang='lat' dir='ltr'><strong>sequitur,</strong></span> <span class='ocrx_word' id='word_1_22' title='bbox 1657 996 1868 1075; x_wconf 75' lang='lat' dir='ltr'><strong>amico</strong></span> <span class='ocrx_word' id='word_1_23' title='bbox 1954 1082 1959 1087; x_wconf 18' lang='grc' dir='ltr'><strong><em>ι</em></strong></span> 
     </span>
    </p>
   </div>
   <div class='ocr_carea' id='block_1_4' title="bbox 326 1095 1865 4740">
    <p class='ocr_par' dir='ltr' id='par_1_4' title="bbox 326 1095 1865 4740">
     <span class='ocr_line' id='line_1_5' title="bbox 359 1095 1865 1180; baseline 0 -19"><span class='ocrx_word' id='word_1_24' title='bbox 359 1095 579 1161; x_wconf 80' lang='lat' dir='ltr'><strong>adhuc</strong></span> <span class='ocrx_word' id='word_1_25' title='bbox 641 1097 959 1173; x_wconf 86' lang='lat' dir='ltr'><strong>Caesare,</strong></span> <span class='ocrx_word' id='word_1_26' title='bbox 1038 1098 1130 1159; x_wconf 87' lang='lat' dir='ltr'><strong>sic</strong></span> <span class='ocrx_word' id='word_1_27' title='bbox 1184 1096 1579 1180; x_wconf 78' lang='lat' dir='ltr'><strong>¹Cleopatrae</strong></span> <span class='ocrx_word' id='word_1_28' title='bbox 1642 1118 1865 1161; x_wconf 87' lang='lat' dir='ltr'><strong>amore</strong></span> 
     </span>
     <span class='ocr_line' id='line_1_6' title="bbox 358 1196 1863 1278; baseline -0.001 -16"><span class='ocrx_word' id='word_1_29' title='bbox 358 1199 785 1276; x_wconf 69' lang='lat' dir='ltr'><strong>insanivisse,</strong></span> <span class='ocrx_word' id='word_1_30' title='bbox 843 1213 915 1261; x_wconf 90' lang='lat' dir='ltr'><strong>ut</strong></span> <span class='ocrx_word' id='word_1_31' title='bbox 956 1219 1087 1260; x_wconf 90' lang='lat' dir='ltr'><strong>non</strong></span> <span class='ocrx_word' id='word_1_32' title='bbox 1131 1196 1491 1278; x_wconf 82' lang='lat' dir='ltr'>dubitaret,</span> <span class='ocrx_word' id='word_1_33' title='bbox 1552 1198 1720 1262; x_wconf 85' lang='lat' dir='ltr'><strong>natis</strong></span> <span class='ocrx_word' id='word_1_34' title='bbox 1778 1221 1863 1262; x_wconf 85' lang='lat' dir='ltr'><strong>ex</strong></span> 
     </span>
     <span class='ocr_line' id='line_1_7' title="bbox 357 1294 1859 1385; baseline 0.001 -20"><span class='ocrx_word' id='word_1_35' title='bbox 357 1322 476 1379; x_wconf 72' lang='lat' dir='ltr'><strong>se,</strong></span> <span class='ocrx_word' id='word_1_36' title='bbox 498 1294 589 1365; x_wconf 51' lang='lat' dir='ltr'><strong>&#39;et</strong></span> <span class='ocrx_word' id='word_1_37' title='bbox 625 1302 976 1385; x_wconf 80' lang='lat' dir='ltr'><strong>Cleopatra</strong></span> <span class='ocrx_word' id='word_1_38' title='bbox 1014 1299 1243 1362; x_wconf 87' lang='lat' dir='ltr'><strong>liberis</strong></span> <span class='ocrx_word' id='word_1_39' title='bbox 1279 1301 1513 1365; x_wconf 88' lang='lat' dir='ltr'><strong>multas</strong></span> <span class='ocrx_word' id='word_1_40' title='bbox 1546 1302 1859 1381; x_wconf 78' lang='lat' dir='ltr'>Arabiae,</span> 
     </span>
     <span class='ocr_line' id='line_1_8' title="bbox 350 1402 1859 1489; baseline 0.001 -21"><span class='ocrx_word' id='word_1_41' title='bbox 350 1404 766 1487; x_wconf 66' lang='lat' dir='ltr'><strong>Phoenices,</strong></span> <span class='ocrx_word' id='word_1_42' title='bbox 851 1402 1291 1480; x_wconf 71' lang='lat' dir='ltr'><strong>Palaestinae,</strong></span> <span class='ocrx_word' id='word_1_43' title='bbox 1380 1404 1626 1468; x_wconf 79' lang='lat' dir='ltr'>Cretae</span> <span class='ocrx_word' id='word_1_44' title='bbox 1712 1427 1859 1489; x_wconf 87' lang='lat' dir='ltr'><strong>par·</strong></span> 
     </span>
     <span class='ocr_line' id='line_1_9' title="bbox 352 1506 1851 1591; baseline -0.001 -22"><span class='ocrx_word' id='word_1_45' title='bbox 352 1523 494 1583; x_wconf 81' lang='lat' dir='ltr'><strong>tes,</strong></span> <span class='ocrx_word' id='word_1_46' title='bbox 542 1508 750 1591; x_wconf 81' lang='lat' dir='ltr'>ipsam</span> <span class='ocrx_word' id='word_1_47' title='bbox 797 1506 989 1569; x_wconf 89' lang='lat' dir='ltr'><strong>etiam</strong></span> <span class='ocrx_word' id='word_1_48' title='bbox 1039 1506 1374 1588; x_wconf 74' lang='lat' dir='ltr'><strong>Cyrenen,</strong></span> <span class='ocrx_word' id='word_1_49' title='bbox 1422 1519 1498 1567; x_wconf 84' lang='lat' dir='ltr'><strong>et</strong></span> <span class='ocrx_word' id='word_1_50' title='bbox 1534 1507 1851 1590; x_wconf 83' lang='lat' dir='ltr'><strong>Cyprum,</strong></span> 
     </span>
     <span class='ocr_line' id='line_1_10' title="bbox 351 1606 1856 1692; baseline -0.002 -21"><span class='ocrx_word' id='word_1_51' title='bbox 351 1612 684 1673; x_wconf 81' lang='lat' dir='ltr'><strong>Romanas</strong></span> <span class='ocrx_word' id='word_1_52' title='bbox 768 1628 1004 1690; x_wconf 84' lang='lat' dir='ltr'><strong>nempe</strong></span> <span class='ocrx_word' id='word_1_53' title='bbox 1093 1606 1461 1690; x_wconf 84' lang='lat' dir='ltr'><strong>provincias</strong></span> <span class='ocrx_word' id='word_1_54' title='bbox 1551 1609 1856 1692; x_wconf 82' lang='lat' dir='ltr'><strong>elargiri,</strong></span> 
     </span>
     <span class='ocr_line' id='line_1_11' title="bbox 348 1706 1860 1788; baseline -0.001 -14"><span class='ocrx_word' id='word_1_55' title='bbox 348 1733 510 1775; x_wconf 84' lang='lat' dir='ltr'><strong>mox</strong></span> <span class='ocrx_word' id='word_1_56' title='bbox 551 1711 750 1780; x_wconf 85' lang='lat' dir='ltr'><strong>V.-c.</strong></span> <span class='ocrx_word' id='word_1_57' title='bbox 789 1728 955 1788; x_wconf 81' lang='lat'><strong>720,</strong></span> <span class='ocrx_word' id='word_1_58' title='bbox 1003 1723 1075 1771; x_wconf 89' lang='lat' dir='ltr'><strong>ut</strong></span> <span class='ocrx_word' id='word_1_59' title='bbox 1126 1706 1204 1770; x_wconf 90' lang='lat' dir='ltr'><strong>ad</strong></span> <span class='ocrx_word' id='word_1_60' title='bbox 1258 1708 1431 1773; x_wconf 88' lang='lat' dir='ltr'><strong>hunc</strong></span> <span class='ocrx_word' id='word_1_61' title='bbox 1475 1730 1709 1774; x_wconf 86' lang='lat' dir='ltr'><strong>annum</strong></span> <span class='ocrx_word' id='word_1_62' title='bbox 1767 1709 1860 1773; x_wconf 90' lang='lat' dir='ltr'><strong>di-</strong></span> 
     </span>
     <span class='ocr_line' id='line_1_12' title="bbox 352 1809 1858 1897; baseline -0.002 -23"><span class='ocrx_word' id='word_1_63' title='bbox 352 1813 460 1889; x_wconf 80' lang='lat' dir='ltr'><strong>xi,</strong></span> <span class='ocrx_word' id='word_1_64' title='bbox 537 1811 1016 1897; x_wconf 87' lang='lat' dir='ltr'><strong>pulcherrimas</strong></span> <span class='ocrx_word' id='word_1_65' title='bbox 1080 1809 1312 1871; x_wconf 83' lang='lat' dir='ltr'><strong>iisdem</strong></span> <span class='ocrx_word' id='word_1_66' title='bbox 1375 1810 1606 1890; x_wconf 86' lang='lat' dir='ltr'><strong>Asiae,</strong></span> <span class='ocrx_word' id='word_1_67' title='bbox 1684 1811 1858 1872; x_wconf 82' lang='lat' dir='ltr'><strong>Afri-</strong></span> 
     </span>
     <span class='ocr_line' id='line_1_13' title="bbox 352 1910 1857 2000; baseline -0.003 -21"><span class='ocrx_word' id='word_1_68' title='bbox 352 1935 606 2000; x_wconf 86' lang='lat' dir='ltr'><strong>caeque</strong></span> <span class='ocrx_word' id='word_1_69' title='bbox 690 1912 1059 1997; x_wconf 83' lang='lat' dir='ltr'><strong>provincias</strong></span> <span class='ocrx_word' id='word_1_70' title='bbox 1142 1910 1475 1979; x_wconf 74' lang='lat' dir='ltr'><strong>addicere.</strong></span> <span class='ocrx_word' id='word_1_71' title='bbox 1577 1915 1857 1976; x_wconf 87' lang='lat' dir='ltr'><strong>Tantum</strong></span> 
     </span>
     <span class='ocr_line' id='line_1_14' title="bbox 348 2012 1856 2100; baseline -0.003 -21"><span class='ocrx_word' id='word_1_72' title='bbox 348 2017 606 2093; x_wconf 80' lang='lat' dir='ltr'><strong>facinus</strong></span> <span class='ocrx_word' id='word_1_73' title='bbox 639 2014 779 2100; x_wconf 66' lang='lat' dir='ltr'><strong>‚qui</strong></span> <span class='ocrx_word' id='word_1_74' title='bbox 836 2036 1026 2078; x_wconf 86' lang='lat' dir='ltr'><strong>ausus</strong></span> <span class='ocrx_word' id='word_1_75' title='bbox 1082 2030 1221 2078; x_wconf 88' lang='lat' dir='ltr'><strong>erat</strong></span> <span class='ocrx_word' id='word_1_76' title='bbox 1271 2017 1482 2098; x_wconf 90' lang='lat' dir='ltr'><strong>palam</strong></span> <span class='ocrx_word' id='word_1_77' title='bbox 1540 2029 1732 2098; x_wconf 80' lang='lat' dir='ltr'><strong>atque</strong></span> <span class='ocrx_word' id='word_1_78' title='bbox 1786 2012 1856 2074; x_wconf 89' lang='lat' dir='ltr'><strong>in</strong></span> 
     </span>
     <span class='ocr_line' id='line_1_15' title="bbox 348 2114 1857 2207; baseline -0.003 -26"><span class='ocrx_word' id='word_1_79' title='bbox 348 2120 503 2182; x_wconf 89' lang='lat' dir='ltr'><strong>luce</strong></span> <span class='ocrx_word' id='word_1_80' title='bbox 553 2130 908 2191; x_wconf 88' lang='lat' dir='ltr'><strong>attentare,</strong></span> <span class='ocrx_word' id='word_1_81' title='bbox 963 2114 1174 2179; x_wconf 84' lang='lat' dir='ltr'><strong>levius</strong></span> <span class='ocrx_word' id='word_1_82' title='bbox 1222 2130 1404 2180; x_wconf 89' lang='lat' dir='ltr'><strong>certe</strong></span> <span class='ocrx_word' id='word_1_83' title='bbox 1456 2116 1701 2207; x_wconf 86' lang='lat' dir='ltr'><strong>aliquid</strong></span> <span class='ocrx_word' id='word_1_84' title='bbox 1748 2138 1857 2178; x_wconf 86' lang='lat' dir='ltr'><strong>au·</strong></span> 
     </span>
     <span class='ocr_line' id='line_1_16' title="bbox 334 2216 1856 2295; baseline -0.003 -13"><span class='ocrx_word' id='word_1_85' title='bbox 334 2226 467 2282; x_wconf 77' lang='lat' dir='ltr'><strong>&#39;sus</strong></span> <span class='ocrx_word' id='word_1_86' title='bbox 512 2233 647 2295; x_wconf 88' lang='lat' dir='ltr'><strong>est,</strong></span> <span class='ocrx_word' id='word_1_87' title='bbox 711 2239 861 2280; x_wconf 88' lang='lat' dir='ltr'><strong>eum</strong></span> <span class='ocrx_word' id='word_1_88' title='bbox 918 2216 987 2279; x_wconf 90' lang='lat' dir='ltr'><strong>in</strong></span> <span class='ocrx_word' id='word_1_89' title='bbox 1046 2232 1309 2281; x_wconf 88' lang='lat' dir='ltr'><strong>moneta</strong></span> <span class='ocrx_word' id='word_1_90' title='bbox 1352 2217 1472 2281; x_wconf 87' lang='lat' dir='ltr'><strong>hac</strong></span> <span class='ocrx_word' id='word_1_91' title='bbox 1519 2238 1722 2280; x_wconf 88' lang='lat' dir='ltr'><strong>aenea</strong></span> <span class='ocrx_word' id='word_1_92' title='bbox 1765 2229 1856 2278; x_wconf 89' lang='lat' dir='ltr'><strong>at-</strong></span> 
     </span>
     <span class='ocr_line' id='line_1_17' title="bbox 344 2317 1854 2406; baseline -0.002 -22"><span class='ocrx_word' id='word_1_93' title='bbox 344 2342 476 2406; x_wconf 89' lang='lat' dir='ltr'><strong>que</strong></span> <span class='ocrx_word' id='word_1_94' title='bbox 522 2320 805 2403; x_wconf 80' lang='lat' dir='ltr'>ignobili</span> <span class='ocrx_word' id='word_1_95' title='bbox 848 2320 1148 2404; x_wconf 65' lang='lat' dir='ltr'><strong>reginam</strong></span> <span class='ocrx_word' id='word_1_96' title='bbox 1206 2319 1514 2404; x_wconf 82' lang='lat' dir='ltr'><strong>pellicem</strong></span> <span class='ocrx_word' id='word_1_97' title='bbox 1574 2317 1699 2380; x_wconf 89' lang='lat' dir='ltr'><strong>sibi</strong></span> <span class='ocrx_word' id='word_1_98' title='bbox 1750 2340 1854 2381; x_wconf 89' lang='lat' dir='ltr'><strong>so-</strong></span> 
     </span>
     <span class='ocr_line' id='line_1_18' title="bbox 344 2421 1844 2506; baseline -0.003 -22"><span class='ocrx_word' id='word_1_99' title='bbox 344 2421 507 2485; x_wconf 87' lang='lat' dir='ltr'><strong>ciari</strong></span> <span class='ocrx_word' id='word_1_100' title='bbox 548 2434 649 2482; x_wconf 85' lang='lat' dir='ltr'><strong>est</strong></span> <span class='ocrx_word' id='word_1_101' title='bbox 689 2444 947 2505; x_wconf 84' lang='lat' dir='ltr'><strong>passus,</strong></span> <span class='ocrx_word' id='word_1_102' title='bbox 991 2443 1207 2506; x_wconf 87' lang='lat' dir='ltr'><strong>neque</strong></span> <span class='ocrx_word' id='word_1_103' title='bbox 1242 2441 1515 2485; x_wconf 87' lang='lat' dir='ltr'><strong>neeesse</strong></span> <span class='ocrx_word' id='word_1_104' title='bbox 1552 2434 1653 2483; x_wconf 88' lang='lat' dir='ltr'><strong>est</strong></span> <span class='ocrx_word' id='word_1_105' title='bbox 1693 2440 1844 2482; x_wconf 88' lang='lat' dir='ltr'><strong>cum</strong></span> 
     </span>
     <span class='ocr_line' id='line_1_19' title="bbox 341 2521 1849 2606; baseline -0.001 -21"><span class='ocrx_word' id='word_1_106' title='bbox 341 2524 745 2585; x_wconf 75' lang='lat' dir='ltr'><strong>Mazzoleno</strong></span> <span class='ocrx_word' id='word_1_107' title='bbox 806 2538 1124 2601; x_wconf 80' lang='lat' dir='ltr'><strong>statuere,</strong></span> <span class='ocrx_word' id='word_1_108' title='bbox 1196 2544 1331 2585; x_wconf 90' lang='lat' dir='ltr'><strong>non</strong></span> <span class='ocrx_word' id='word_1_109' title='bbox 1391 2543 1586 2606; x_wconf 86' lang='lat' dir='ltr'><strong>posse</strong></span> <span class='ocrx_word' id='word_1_110' title='bbox 1645 2521 1849 2584; x_wconf 83' lang='lat' dir='ltr'><strong>Anto·-</strong></span> 
     </span>
     <span class='ocr_line' id='line_1_20' title="bbox 337 2624 1849 2709; baseline 0 -23"><span class='ocrx_word' id='word_1_111' title='bbox 337 2624 524 2686; x_wconf 85' lang='lat' dir='ltr'><strong>nium</strong></span> <span class='ocrx_word' id='word_1_112' title='bbox 580 2644 728 2686; x_wconf 90' lang='lat' dir='ltr'><strong>eum</strong></span> <span class='ocrx_word' id='word_1_113' title='bbox 789 2627 1136 2709; x_wconf 80' lang='lat' dir='ltr'><strong>Cleopatra</strong></span> <span class='ocrx_word' id='word_1_114' title='bbox 1192 2625 1497 2708; x_wconf 90' lang='lat' dir='ltr'><strong>componi</strong></span> <span class='ocrx_word' id='word_1_115' title='bbox 1544 2637 1690 2688; x_wconf 89' lang='lat' dir='ltr'><strong>ante</strong></span> <span class='ocrx_word' id='word_1_116' title='bbox 1741 2647 1849 2688; x_wconf 90' lang='lat' dir='ltr'><strong>an·</strong></span> 
     </span>
     <span class='ocr_line' id='line_1_21' title="bbox 333 2725 1852 2811; baseline -0.002 -22"><span class='ocrx_word' id='word_1_117' title='bbox 333 2748 503 2789; x_wconf 82' lang='lat' dir='ltr'><strong>num</strong></span> <span class='ocrx_word' id='word_1_118' title='bbox 548 2727 635 2793; x_wconf 82' lang='lat' dir='ltr'><strong>V.</strong></span> <span class='ocrx_word' id='word_1_119' title='bbox 690 2728 764 2791; x_wconf 92' lang='lat' dir='ltr'><strong>C.</strong></span> <span class='ocrx_word' id='word_1_120' title='bbox 813 2744 973 2809; x_wconf 67' lang='lat'><strong>722,</strong></span> <span class='ocrx_word' id='word_1_121' title='bbox 1028 2747 1158 2811; x_wconf 90' lang='lat' dir='ltr'><strong>quo</strong></span> <span class='ocrx_word' id='word_1_122' title='bbox 1202 2726 1467 2790; x_wconf 83' lang='lat' dir='ltr'><strong>tandem</strong></span> <span class='ocrx_word' id='word_1_123' title='bbox 1515 2740 1706 2810; x_wconf 89' lang='lat' dir='ltr'><strong>rupta</strong></span> <span class='ocrx_word' id='word_1_124' title='bbox 1755 2725 1852 2786; x_wconf 91' lang='lat' dir='ltr'><strong>in-</strong></span> 
     </span>
     <span class='ocr_line' id='line_1_22' title="bbox 334 2826 1847 2913; baseline -0.001 -22"><span class='ocrx_word' id='word_1_125' title='bbox 334 2842 450 2891; x_wconf 80' lang='lat' dir='ltr'><strong>ter</strong></span> <span class='ocrx_word' id='word_1_126' title='bbox 528 2842 881 2913; x_wconf 88' lang='lat' dir='ltr'><strong>utrumque</strong></span> <span class='ocrx_word' id='word_1_127' title='bbox 968 2828 1275 2894; x_wconf 84' lang='lat' dir='ltr'><strong>Illvirum</strong></span> <span class='ocrx_word' id='word_1_128' title='bbox 1346 2851 1509 2913; x_wconf 84' lang='lat' dir='ltr'><strong>pax,</strong></span> <span class='ocrx_word' id='word_1_129' title='bbox 1591 2826 1847 2912; x_wconf 86' lang='lat' dir='ltr'><strong>quando</strong></span> 
     </span>
     <span class='ocr_line' id='line_1_23' title="bbox 338 2931 1846 3015; baseline -0.003 -20"><span class='ocrx_word' id='word_1_130' title='bbox 338 2934 555 2996; x_wconf 83' lang='lat' dir='ltr'><strong>multo</strong></span> <span class='ocrx_word' id='word_1_131' title='bbox 622 2945 772 2994; x_wconf 88' lang='lat' dir='ltr'><strong>ante</strong></span> <span class='ocrx_word' id='word_1_132' title='bbox 835 2932 1189 2992; x_wconf 82' lang='lat' dir='ltr'><strong>Antonium</strong></span> <span class='ocrx_word' id='word_1_133' title='bbox 1260 2931 1560 3015; x_wconf 82' lang='lat' dir='ltr'><strong>graviora</strong></span> <span class='ocrx_word' id='word_1_134' title='bbox 1621 2950 1846 2991; x_wconf 88' lang='lat' dir='ltr'><strong>ausum</strong></span> 
     </span>
     <span class='ocr_line' id='line_1_24' title="bbox 341 3028 1847 3115; baseline -0.006 -17"><span class='ocrx_word' id='word_1_135' title='bbox 341 3034 673 3100; x_wconf 72' lang='lat' dir='ltr'><strong>videmus.</strong></span> <span class='ocrx_word' id='word_1_136' title='bbox 731 3034 960 3096; x_wconf 83' lang='lat' dir='ltr'><strong>Altera</strong></span> <span class='ocrx_word' id='word_1_137' title='bbox 1007 3053 1196 3095; x_wconf 88' lang='lat' dir='ltr'><strong>causa</strong></span> <span class='ocrx_word' id='word_1_138' title='bbox 1241 3034 1381 3115; x_wconf 91' lang='lat' dir='ltr'><strong>peti</strong></span> <span class='ocrx_word' id='word_1_139' title='bbox 1430 3043 1649 3115; x_wconf 88' lang='lat' dir='ltr'><strong>potest</strong></span> <span class='ocrx_word' id='word_1_140' title='bbox 1692 3052 1727 3091; x_wconf 98' lang='lat' dir='ltr'><strong>a</strong></span> <span class='ocrx_word' id='word_1_141' title='bbox 1769 3028 1847 3090; x_wconf 88' lang='lat' dir='ltr'><strong>li·</strong></span> 
     </span>
     <span class='ocr_line' id='line_1_25' title="bbox 337 3132 1846 3219; baseline -0.004 -21"><span class='ocrx_word' id='word_1_142' title='bbox 337 3135 571 3198; x_wconf 85' lang='lat' dir='ltr'><strong>bidine</strong></span> <span class='ocrx_word' id='word_1_143' title='bbox 640 3134 1147 3219; x_wconf 82' lang='lat' dir='ltr'><strong>praefectorum.</strong></span> <span class='ocrx_word' id='word_1_144' title='bbox 1232 3134 1538 3209; x_wconf 79' lang='lat' dir='ltr'><strong>Constat,</strong></span> <span class='ocrx_word' id='word_1_145' title='bbox 1609 3132 1846 3193; x_wconf 87' lang='lat' dir='ltr'><strong>horum</strong></span> 
     </span>
     <span class='ocr_line' id='line_1_26' title="bbox 338 3232 1845 3320; baseline -0.003 -20"><span class='ocrx_word' id='word_1_146' title='bbox 338 3238 543 3314; x_wconf 82' lang='lat' dir='ltr'><strong>alios,</strong></span> <span class='ocrx_word' id='word_1_147' title='bbox 608 3257 772 3320; x_wconf 87' lang='lat' dir='ltr'><strong>quos</strong></span> <span class='ocrx_word' id='word_1_148' title='bbox 818 3234 1194 3298; x_wconf 80' lang='lat' dir='ltr'><strong>reverentia</strong></span> <span class='ocrx_word' id='word_1_149' title='bbox 1238 3235 1517 3299; x_wconf 84' lang='lat' dir='ltr'><strong>Romani</strong></span> <span class='ocrx_word' id='word_1_150' title='bbox 1563 3232 1845 3295; x_wconf 84' lang='lat' dir='ltr'><strong>nominis</strong></span> 
     </span>
     <span class='ocr_line' id='line_1_27' title="bbox 336 3335 1842 3420; baseline -0.001 -19"><span class='ocrx_word' id='word_1_151' title='bbox 336 3339 589 3415; x_wconf 88' lang='lat' dir='ltr'><strong>tenuit,</strong></span> <span class='ocrx_word' id='word_1_152' title='bbox 628 3337 916 3420; x_wconf 78' lang='lat' dir='ltr'><strong>graviter</strong></span> <span class='ocrx_word' id='word_1_153' title='bbox 945 3337 1172 3399; x_wconf 83' lang='lat' dir='ltr'><strong>tulisse</strong></span> <span class='ocrx_word' id='word_1_154' title='bbox 1204 3336 1634 3399; x_wconf 87' lang='lat' dir='ltr'><strong>immoderata</strong></span> <span class='ocrx_word' id='word_1_155' title='bbox 1676 3335 1842 3399; x_wconf 86' lang='lat' dir='ltr'><strong>haec</strong></span> 
     </span>
     <span class='ocr_line' id='line_1_28' title="bbox 340 3436 1841 3522; baseline -0.001 -20"><span class='ocrx_word' id='word_1_156' title='bbox 340 3439 621 3502; x_wconf 86' lang='lat' dir='ltr'><strong>Antonii</strong></span> <span class='ocrx_word' id='word_1_157' title='bbox 665 3438 733 3500; x_wconf 86' lang='lat' dir='ltr'><strong>in</strong></span> <span class='ocrx_word' id='word_1_158' title='bbox 777 3440 1187 3522; x_wconf 83' lang='lat' dir='ltr'><strong>Cleopatram</strong></span> <span class='ocrx_word' id='word_1_159' title='bbox 1237 3438 1478 3512; x_wconf 86' lang='lat' dir='ltr'><strong>studia,</strong></span> <span class='ocrx_word' id='word_1_160' title='bbox 1527 3451 1596 3500; x_wconf 87' lang='lat' dir='ltr'><strong>et</strong></span> <span class='ocrx_word' id='word_1_161' title='bbox 1639 3436 1841 3500; x_wconf 80' lang='lat' dir='ltr'><strong>fuisse</strong></span> 
     </span>
     <span class='ocr_line' id='line_1_29' title="bbox 338 3537 1846 3625; baseline -0.003 -20"><span class='ocrx_word' id='word_1_162' title='bbox 338 3543 582 3620; x_wconf 78' lang='lat' dir='ltr'><strong>ctiam,</strong></span> <span class='ocrx_word' id='word_1_163' title='bbox 644 3540 756 3625; x_wconf 87' lang='lat' dir='ltr'><strong>qui</strong></span> <span class='ocrx_word' id='word_1_164' title='bbox 810 3541 934 3603; x_wconf 84' lang='lat' dir='ltr'><strong>hae</strong></span> <span class='ocrx_word' id='word_1_165' title='bbox 995 3562 1119 3602; x_wconf 89' lang='lat' dir='ltr'><strong>una</strong></span> <span class='ocrx_word' id='word_1_166' title='bbox 1175 3540 1257 3603; x_wconf 87' lang='lat' dir='ltr'><strong>de</strong></span> <span class='ocrx_word' id='word_1_167' title='bbox 1313 3560 1502 3603; x_wconf 86' lang='lat' dir='ltr'><strong>causa</strong></span> <span class='ocrx_word' id='word_1_168' title='bbox 1553 3537 1634 3602; x_wconf 86' lang='lat' dir='ltr'><strong>ad</strong></span> <span class='ocrx_word' id='word_1_169' title='bbox 1686 3540 1846 3601; x_wconf 67' lang='lat' dir='ltr'><strong>Caes</strong></span> 
     </span>
     <span class='ocr_line' id='line_1_30' title="bbox 343 3640 1843 3727; baseline -0.004 -21"><span class='ocrx_word' id='word_1_170' title='bbox 343 3645 513 3707; x_wconf 85' lang='lat' dir='ltr'><strong>saris</strong></span> <span class='ocrx_word' id='word_1_171' title='bbox 557 3655 780 3727; x_wconf 88' lang='lat' dir='ltr'><strong>partes</strong></span> <span class='ocrx_word' id='word_1_172' title='bbox 822 3640 1194 3705; x_wconf 82' lang='lat' dir='ltr'><strong>transirent.</strong></span> <span class='ocrx_word' id='word_1_173' title='bbox 1254 3642 1342 3704; x_wconf 82' lang='lat' dir='ltr'><strong>At</strong></span> <span class='ocrx_word' id='word_1_174' title='bbox 1384 3641 1573 3703; x_wconf 87' lang='lat' dir='ltr'><strong>fuere</strong></span> <span class='ocrx_word' id='word_1_175' title='bbox 1619 3640 1843 3717; x_wconf 85' lang='lat' dir='ltr'><strong>etiam,</strong></span> 
     </span>
     <span class='ocr_line' id='line_1_31' title="bbox 338 3740 1840 3830; baseline -0.002 -24"><span class='ocrx_word' id='word_1_176' title='bbox 338 3747 460 3830; x_wconf 86' lang='lat' dir='ltr'><strong>qui</strong></span> <span class='ocrx_word' id='word_1_177' title='bbox 496 3745 706 3829; x_wconf 85' lang='lat' dir='ltr'><strong>turpis</strong></span> <span class='ocrx_word' id='word_1_178' title='bbox 743 3755 1046 3829; x_wconf 77' lang='lat' dir='ltr'><strong>quaestus</strong></span> <span class='ocrx_word' id='word_1_179' title='bbox 1098 3762 1285 3805; x_wconf 85' lang='lat' dir='ltr'><strong>causa</strong></span> <span class='ocrx_word' id='word_1_180' title='bbox 1331 3763 1474 3805; x_wconf 87' lang='lat' dir='ltr'><strong>eam</strong></span> <span class='ocrx_word' id='word_1_181' title='bbox 1529 3740 1840 3805; x_wconf 80' lang='lat' dir='ltr'><strong>insaniam</strong></span> 
     </span>
     <span class='ocr_line' id='line_1_32' title="bbox 341 3843 1838 3927; baseline -0.001 -18"><span class='ocrx_word' id='word_1_182' title='bbox 341 3859 459 3909; x_wconf 81' lang='lat' dir='ltr'><strong>aut</strong></span> <span class='ocrx_word' id='word_1_183' title='bbox 525 3844 861 3922; x_wconf 80' lang='lat' dir='ltr'><strong>serebant,</strong></span> <span class='ocrx_word' id='word_1_184' title='bbox 942 3857 1050 3907; x_wconf 85' lang='lat' dir='ltr'><strong>aut</strong></span> <span class='ocrx_word' id='word_1_185' title='bbox 1116 3843 1312 3908; x_wconf 88' lang='lat' dir='ltr'><strong>etiam</strong></span> <span class='ocrx_word' id='word_1_186' title='bbox 1377 3843 1838 3927; x_wconf 84' lang='lat' dir='ltr'><strong>approbabant.</strong></span> 
     </span>
     <span class='ocr_line' id='line_1_33' title="bbox 332 3946 1844 4010; baseline -0.002 0"><span class='ocrx_word' id='word_1_187' title='bbox 332 3950 449 4010; x_wconf 85' lang='lat' dir='ltr'><strong>Ex</strong></span> <span class='ocrx_word' id='word_1_188' title='bbox 476 3946 715 4010; x_wconf 87' lang='lat' dir='ltr'><strong>borum</strong></span> <span class='ocrx_word' id='word_1_189' title='bbox 744 3966 1024 4009; x_wconf 87' lang='lat' dir='ltr'><strong>numero</strong></span> <span class='ocrx_word' id='word_1_190' title='bbox 1054 3946 1255 4009; x_wconf 83' lang='lat' dir='ltr'><strong>fuisse</strong></span> <span class='ocrx_word' id='word_1_191' title='bbox 1279 3947 1625 4009; x_wconf 88' lang='lat' dir='ltr'><strong>Canidium</strong></span> <span class='ocrx_word' id='word_1_192' title='bbox 1652 3947 1844 4009; x_wconf 77' lang='lat' dir='ltr'><strong>Cras:-</strong></span> 
     </span>
     <span class='ocr_line' id='line_1_34' title="bbox 335 4032 1841 4133; baseline -0.004 -20"><span class='ocrx_word' id='word_1_193' title='bbox 335 4070 523 4125; x_wconf 79' lang='lat' dir='ltr'><strong>sum,</strong></span> <span class='ocrx_word' id='word_1_194' title='bbox 578 4070 779 4110; x_wconf 88' lang='lat' dir='ltr'><strong>unum</strong></span> <span class='ocrx_word' id='word_1_195' title='bbox 836 4069 919 4111; x_wconf 84' lang='lat' dir='ltr'><strong>ex</strong></span> <span class='ocrx_word' id='word_1_196' title='bbox 975 4050 1346 4133; x_wconf 85' lang='lat' dir='ltr'><strong>praecipuis</strong></span> <span class='ocrx_word' id='word_1_197' title='bbox 1398 4032 1665 4111; x_wconf 73' lang='lat' dir='ltr'><strong>Anto&#39;nii</strong></span> <span class='ocrx_word' id='word_1_198' title='bbox 1698 4046 1841 4108; x_wconf 82' lang='lat' dir='ltr'><strong>“du-</strong></span> 
     </span>
     <span class='ocr_line' id='line_1_35' title="bbox 331 4149 1839 4233; baseline -0.004 -16"><span class='ocrx_word' id='word_1_199' title='bbox 331 4152 557 4228; x_wconf 82' lang='lat' dir='ltr'><strong>cibus,</strong></span> <span class='ocrx_word' id='word_1_200' title='bbox 604 4149 788 4213; x_wconf 87' lang='lat' dir='ltr'><strong>numi</strong></span> <span class='ocrx_word' id='word_1_201' title='bbox 827 4150 958 4233; x_wconf 90' lang='lat' dir='ltr'><strong>ipsi</strong></span> <span class='ocrx_word' id='word_1_202' title='bbox 998 4150 1276 4233; x_wconf 83' lang='lat' dir='ltr'><strong>docent3</strong></span> <span class='ocrx_word' id='word_1_203' title='bbox 1327 4172 1473 4214; x_wconf 89' lang='lat' dir='ltr'><strong>nam</strong></span> <span class='ocrx_word' id='word_1_204' title='bbox 1510 4171 1645 4225; x_wconf 80' lang='lat' dir='ltr'><strong>non</strong></span> <span class='ocrx_word' id='word_1_205' title='bbox 1690 4170 1839 4212; x_wconf 88' lang='lat' dir='ltr'><strong>eru·</strong></span> 
     </span>
     <span class='ocr_line' id='line_1_36' title="bbox 326 4251 1835 4336; baseline -0.001 -20"><span class='ocrx_word' id='word_1_206' title='bbox 326 4254 480 4316; x_wconf 81' lang='lat' dir='ltr'><strong>huit</strong></span> <span class='ocrx_word' id='word_1_207' title='bbox 548 4252 751 4316; x_wconf 88' lang='lat' dir='ltr'><strong>homo</strong></span> <span class='ocrx_word' id='word_1_208' title='bbox 820 4252 1153 4336; x_wconf 87' lang='lat' dir='ltr'><strong>impurus,</strong></span> <span class='ocrx_word' id='word_1_209' title='bbox 1237 4272 1437 4315; x_wconf 89' lang='lat' dir='ltr'><strong>numo</strong></span> <span class='ocrx_word' id='word_1_210' title='bbox 1510 4251 1835 4336; x_wconf 80' lang='lat' dir='ltr'><strong>Aegyptio</strong></span> 
     </span>
     <span class='ocr_line' id='line_1_37' title="bbox 328 4352 1832 4440; baseline -0.004 -21"><span class='ocrx_word' id='word_1_211' title='bbox 328 4356 729 4440; x_wconf 85' lang='lat' dir='ltr'><strong>Cleopatrae</strong></span> <span class='ocrx_word' id='word_1_212' title='bbox 765 4354 1006 4430; x_wconf 85' lang='lat' dir='ltr'><strong>solius,</strong></span> <span class='ocrx_word' id='word_1_213' title='bbox 1053 4375 1248 4438; x_wconf 90' lang='lat' dir='ltr'><strong>quem</strong></span> <span class='ocrx_word' id='word_1_214' title='bbox 1300 4354 1365 4415; x_wconf 88' lang='lat' dir='ltr'><strong>in</strong></span> <span class='ocrx_word' id='word_1_215' title='bbox 1414 4353 1604 4435; x_wconf 85' lang='lat' dir='ltr'><strong>hujus</strong></span> <span class='ocrx_word' id='word_1_216' title='bbox 1656 4352 1832 4435; x_wconf 81' lang='lat' dir='ltr'><strong>regi-</strong></span> 
     </span>
     <span class='ocr_line' id='line_1_38' title="bbox 330 4453 1831 4539; baseline -0.004 -18"><span class='ocrx_word' id='word_1_217' title='bbox 330 4477 458 4521; x_wconf 82' lang='lat' dir='ltr'><strong>nae</strong></span> <span class='ocrx_word' id='word_1_218' title='bbox 525 4468 790 4519; x_wconf 90' lang='lat' dir='ltr'><strong>moneta</strong></span> <span class='ocrx_word' id='word_1_219' title='bbox 853 4453 1251 4539; x_wconf 85' lang='lat' dir='ltr'><strong>descriptum</strong></span> <span class='ocrx_word' id='word_1_220' title='bbox 1321 4454 1657 4530; x_wconf 83' lang='lat' dir='ltr'><strong>dedimus,</strong></span> <span class='ocrx_word' id='word_1_221' title='bbox 1716 4474 1831 4515; x_wconf 88' lang='lat' dir='ltr'><strong>no-</strong></span> 
     </span>
     <span class='ocr_line' id='line_1_39' title="bbox 331 4555 1831 4644; baseline 0 -23"><span class='ocrx_word' id='word_1_222' title='bbox 331 4580 490 4621; x_wconf 82' lang='lat' dir='ltr'><strong>men</strong></span> <span class='ocrx_word' id='word_1_223' title='bbox 531 4578 721 4621; x_wconf 87' lang='lat' dir='ltr'><strong>suum</strong></span> <span class='ocrx_word' id='word_1_224' title='bbox 771 4555 1167 4637; x_wconf 80' lang='lat' dir='ltr'><strong>inscribere,</strong></span> <span class='ocrx_word' id='word_1_225' title='bbox 1206 4557 1514 4622; x_wconf 87' lang='lat' dir='ltr'><strong>nimirum</strong></span> <span class='ocrx_word' id='word_1_226' title='bbox 1555 4556 1651 4621; x_wconf 71' lang='lat' dir='ltr'><strong>uf</strong></span> <span class='ocrx_word' id='word_1_227' title='bbox 1673 4577 1831 4644; x_wconf 80' lang='lat' dir='ltr'><strong>que·</strong></span> 
     </span>
     <span class='ocr_line' id='line_1_40' title="bbox 326 4655 972 4740; baseline -0.006 -17"><span class='ocrx_word' id='word_1_228' title='bbox 326 4660 499 4723; x_wconf 79' lang='lat' dir='ltr'><strong>ritur</strong></span> <span class='ocrx_word' id='word_1_229' title='bbox 526 4657 844 4724; x_wconf 77' lang='lat' dir='ltr'><strong>Horatius</strong></span> <span class='ocrx_word' id='word_1_230' title='bbox 873 4655 972 4740; x_wconf 68' lang='lat' dir='ltr'><strong>b),</strong></span> 
     </span>
    </p>
   </div>
   <div class='ocr_carea' id='block_1_5' title="bbox 3387 638 3481 716">
    <p class='ocr_par' dir='ltr' id='par_1_5' title="bbox 3387 638 3481 716">
     <span class='ocr_line' id='line_1_41' title="bbox 3387 638 3481 716; baseline 0 0"><span class='ocrx_word' id='word_1_231' title='bbox 3387 638 3481 716; x_wconf 82' lang='lat'><strong>65</strong></span> 
     </span>
    </p>
   </div>
   <div class='ocr_carea' id='block_1_6' title="bbox 1952 773 3478 2811">
    <p class='ocr_par' dir='ltr' id='par_1_6' title="bbox 2108 773 3478 1163">
     <span class='ocr_line' id='line_1_42' title="bbox 2116 773 3375 882; baseline 0.005 -26"><span class='ocrx_word' id='word_1_232' title='bbox 2116 786 2459 856; x_wconf 77' lang='lat' dir='ltr'><strong>Romanus</strong></span> <span class='ocrx_word' id='word_1_233' title='bbox 2487 773 2693 876; x_wconf 64' lang='lat' dir='ltr'><strong>(eheu</strong></span> <span class='ocrx_word' id='word_1_234' title='bbox 2718 790 2978 877; x_wconf 65' lang='lat' dir='ltr'><strong>posteri</strong></span> <span class='ocrx_word' id='word_1_235' title='bbox 3011 798 3375 882; x_wconf 77' lang='lat' dir='ltr'><strong>negabitis)</strong></span> 
     </span>
     <span class='ocr_line' id='line_1_43' title="bbox 2198 897 3013 978; baseline 0.002 -21"><span class='ocrx_word' id='word_1_236' title='bbox 2198 897 2680 976; x_wconf 68' lang='lat' dir='ltr'><strong>Emona-ipatus</strong></span> <span class='ocrx_word' id='word_1_237' title='bbox 2700 900 3013 978; x_wconf 63' lang='lat' dir='ltr'><strong>jeminae-</strong></span> 
     </span>
     <span class='ocr_line' id='line_1_44' title="bbox 2108 992 3478 1081; baseline -0.001 -18"><span class='ocrx_word' id='word_1_238' title='bbox 2108 999 2262 1063; x_wconf 78' lang='lat' dir='ltr'><strong>Fert</strong></span> <span class='ocrx_word' id='word_1_239' title='bbox 2299 992 2587 1073; x_wconf 60' lang='lat' dir='ltr'><strong>valliam,</strong></span> <span class='ocrx_word' id='word_1_240' title='bbox 2619 1011 2685 1058; x_wconf 80' lang='lat' dir='ltr'><strong>et</strong></span> <span class='ocrx_word' id='word_1_241' title='bbox 2734 1019 2922 1061; x_wconf 79' lang='lat' dir='ltr'><strong>arma</strong></span> <span class='ocrx_word' id='word_1_242' title='bbox 2955 1001 3189 1076; x_wconf 80' lang='lat' dir='ltr'><strong>miles,</strong></span> <span class='ocrx_word' id='word_1_243' title='bbox 3228 1010 3296 1061; x_wconf 79' lang='lat' dir='ltr'><strong>et</strong></span> <span class='ocrx_word' id='word_1_244' title='bbox 3331 1019 3478 1081; x_wconf 85' lang='lat' dir='ltr'><strong>spa-</strong></span> 
     </span>
     <span class='ocr_line' id='line_1_45' title="bbox 3028 1102 3311 1163; baseline 0.004 -2"><span class='ocrx_word' id='word_1_245' title='bbox 3028 1102 3311 1163; x_wconf 81' lang='lat' dir='ltr'><strong>donibus</strong></span> 
     </span>
    </p>

    <p class='ocr_par' dir='ltr' id='par_1_7' title="bbox 1952 1200 3475 2690">
     <span class='ocr_line' id='line_1_46' title="bbox 2112 1200 2951 1281; baseline -0.001 -17"><span class='ocrx_word' id='word_1_246' title='bbox 2112 1200 2378 1264; x_wconf 77' lang='lat' dir='ltr'><strong>Servire</strong></span> <span class='ocrx_word' id='word_1_247' title='bbox 2415 1202 2681 1281; x_wconf 76' lang='lat' dir='ltr'><strong>rugosis</strong></span> <span class='ocrx_word' id='word_1_248' title='bbox 2709 1210 2951 1281; x_wconf 83' lang='lat' dir='ltr'><strong>potest.</strong></span> 
     </span>
     <span class='ocr_line' id='line_1_47' title="bbox 1978 1284 3475 1388; baseline 0.001 -23"><span class='ocrx_word' id='word_1_249' title='bbox 1978 1284 2195 1388; x_wconf 80' lang='lat' dir='ltr'><strong>Atque</strong></span> <span class='ocrx_word' id='word_1_250' title='bbox 2251 1301 2377 1363; x_wconf 85' lang='lat' dir='ltr'><strong>huc</strong></span> <span class='ocrx_word' id='word_1_251' title='bbox 2434 1320 2593 1363; x_wconf 80' lang='lat' dir='ltr'><strong>vere</strong></span> <span class='ocrx_word' id='word_1_252' title='bbox 2646 1299 2973 1383; x_wconf 83' lang='lat' dir='ltr'><strong>pertinet,</strong></span> <span class='ocrx_word' id='word_1_253' title='bbox 3027 1300 3212 1387; x_wconf 75' lang='lat' dir='ltr'><strong>‘quod</strong></span> <span class='ocrx_word' id='word_1_254' title='bbox 3264 1300 3475 1366; x_wconf 88' lang='lat' dir='ltr'><strong>refert</strong></span> 
     </span>
     <span class='ocr_line' id='line_1_48' title="bbox 1971 1402 3472 1487; baseline -0.001 -20"><span class='ocrx_word' id='word_1_255' title='bbox 1971 1406 2106 1468; x_wconf 90' lang='lat' dir='ltr'><strong>Dio</strong></span> <span class='ocrx_word' id='word_1_256' title='bbox 2146 1406 2243 1487; x_wconf 82' lang='lat' dir='ltr'><strong>c),</strong></span> <span class='ocrx_word' id='word_1_257' title='bbox 2304 1403 2714 1485; x_wconf 85' lang='lat' dir='ltr'><strong>Cleopatram</strong></span> <span class='ocrx_word' id='word_1_258' title='bbox 2770 1402 2859 1466; x_wconf 90' lang='lat' dir='ltr'><strong>ita</strong></span> <span class='ocrx_word' id='word_1_259' title='bbox 2911 1403 3039 1465; x_wconf 82' lang='lat' dir='ltr'><strong>sibi</strong></span> <span class='ocrx_word' id='word_1_260' title='bbox 3079 1403 3472 1481; x_wconf 84' lang='lat' dir='ltr'><strong>Antonium,</strong></span> 
     </span>
     <span class='ocr_line' id='line_1_49' title="bbox 1974 1502 3473 1589; baseline -0.001 -19"><span class='ocrx_word' id='word_1_261' title='bbox 1974 1521 2041 1571; x_wconf 84' lang='lat' dir='ltr'><strong>et</strong></span> <span class='ocrx_word' id='word_1_262' title='bbox 2113 1520 2411 1580; x_wconf 85' lang='lat' dir='ltr'><strong>ceteros,</strong></span> <span class='ocrx_word' id='word_1_263' title='bbox 2487 1503 2596 1586; x_wconf 91' lang='lat' dir='ltr'><strong>qui</strong></span> <span class='ocrx_word' id='word_1_264' title='bbox 2656 1504 2722 1564; x_wconf 89' lang='lat' dir='ltr'><strong>in</strong></span> <span class='ocrx_word' id='word_1_265' title='bbox 2790 1504 2998 1589; x_wconf 87' lang='lat' dir='ltr'><strong>aliqua</strong></span> <span class='ocrx_word' id='word_1_266' title='bbox 3074 1502 3246 1588; x_wconf 86' lang='lat' dir='ltr'><strong>apud</strong></span> <span class='ocrx_word' id='word_1_267' title='bbox 3322 1527 3473 1569; x_wconf 89' lang='lat' dir='ltr'><strong>eum</strong></span> 
     </span>
     <span class='ocr_line' id='line_1_50' title="bbox 1975 1592 3471 1695; baseline 0.001 -25"><span class='ocrx_word' id='word_1_268' title='bbox 1975 1592 2450 1671; x_wconf 79' lang='lat' dir='ltr'><strong>existimatione</strong></span> <span class='ocrx_word' id='word_1_269' title='bbox 2504 1607 2795 1695; x_wconf 83' lang='lat' dir='ltr'><strong>fuerant,</strong></span> <span class='ocrx_word' id='word_1_270' title='bbox 2857 1607 3042 1671; x_wconf 75' lang='lat' dir='ltr'><strong>velut</strong></span> <span class='ocrx_word' id='word_1_271' title='bbox 3096 1608 3471 1671; x_wconf 87' lang='lat' dir='ltr'><strong>incantatio·</strong></span> 
     </span>
     <span class='ocr_line' id='line_1_51' title="bbox 1952 1705 3473 1794; baseline 0.001 -23"><span class='ocrx_word' id='word_1_272' title='bbox 1952 1724 2059 1773; x_wconf 87' lang='lat' dir='ltr'><strong>&#39;ne</strong></span> <span class='ocrx_word' id='word_1_273' title='bbox 2121 1708 2398 1794; x_wconf 85' lang='lat' dir='ltr'><strong>quadam</strong></span> <span class='ocrx_word' id='word_1_274' title='bbox 2472 1705 2881 1783; x_wconf 77' lang='lat' dir='ltr'><strong>devinxisse,</strong></span> <span class='ocrx_word' id='word_1_275' title='bbox 2948 1721 3020 1769; x_wconf 89' lang='lat' dir='ltr'><strong>ut</strong></span> <span class='ocrx_word' id='word_1_276' title='bbox 3083 1709 3206 1770; x_wconf 83' lang='lat' dir='ltr'><strong>sibi</strong></span> <span class='ocrx_word' id='word_1_277' title='bbox 3265 1708 3473 1792; x_wconf 86' lang='lat' dir='ltr'><strong>impe-</strong></span> 
     </span>
     <span class='ocr_line' id='line_1_52' title="bbox 1958 1808 3468 1891; baseline -0.001 -19"><span class='ocrx_word' id='word_1_278' title='bbox 1958 1811 2142 1872; x_wconf 80' lang='lat' dir='ltr'><strong>&#39;rium</strong></span> <span class='ocrx_word' id='word_1_279' title='bbox 2174 1810 2240 1871; x_wconf 88' lang='lat' dir='ltr'><strong>in</strong></span> <span class='ocrx_word' id='word_1_280' title='bbox 2269 1811 2599 1870; x_wconf 85' lang='lat' dir='ltr'><strong>Romanos</strong></span> <span class='ocrx_word' id='word_1_281' title='bbox 2632 1808 2810 1890; x_wconf 85' lang='lat' dir='ltr'><strong>ipsos</strong></span> <span class='ocrx_word' id='word_1_282' title='bbox 2845 1808 3119 1872; x_wconf 77' lang='lat' dir='ltr'><strong>auderet</strong></span> <span class='ocrx_word' id='word_1_283' title='bbox 3144 1809 3468 1891; x_wconf 88' lang='lat' dir='ltr'><strong>polliceri.</strong></span> 
     </span>
     <span class='ocr_line' id='line_1_53' title="bbox 1954 1909 3469 1993; baseline 0.001 -20"><span class='ocrx_word' id='word_1_284' title='bbox 1954 1914 2231 1973; x_wconf 83' lang='lat' dir='ltr'><strong>‘Horum</strong></span> <span class='ocrx_word' id='word_1_285' title='bbox 2281 1914 2445 1993; x_wconf 85' lang='lat' dir='ltr'><strong>erg&#39;o</strong></span> <span class='ocrx_word' id='word_1_286' title='bbox 2492 1909 2634 1985; x_wconf 88' lang='lat' dir='ltr'><strong>alii,</strong></span> <span class='ocrx_word' id='word_1_287' title='bbox 2680 1910 2792 1992; x_wconf 89' lang='lat' dir='ltr'><strong>qui</strong></span> <span class='ocrx_word' id='word_1_288' title='bbox 2835 1911 3037 1993; x_wconf 79' lang='lat' dir='ltr'><strong>magis</strong></span> <span class='ocrx_word' id='word_1_289' title='bbox 3083 1910 3285 1972; x_wconf 89' lang='lat' dir='ltr'><strong>sobrii</strong></span> <span class='ocrx_word' id='word_1_290' title='bbox 3326 1912 3469 1974; x_wconf 84' lang='lat' dir='ltr'><strong>sue-</strong></span> 
     </span>
     <span class='ocr_line' id='line_1_54' title="bbox 1954 2011 3467 2097; baseline -0.002 -20"><span class='ocrx_word' id='word_1_291' title='bbox 1954 2026 2084 2091; x_wconf 66' lang='lat' dir='ltr'><strong>re,</strong></span> <span class='ocrx_word' id='word_1_292' title='bbox 2144 2014 2454 2097; x_wconf 84' lang='lat' dir='ltr'><strong>poterant</strong></span> <span class='ocrx_word' id='word_1_293' title='bbox 2510 2013 2796 2074; x_wconf 86' lang='lat' dir='ltr'><strong>Antonio</strong></span> <span class='ocrx_word' id='word_1_294' title='bbox 2851 2011 3188 2076; x_wconf 84' lang='lat' dir='ltr'><strong>Octaviam</strong></span> <span class='ocrx_word' id='word_1_295' title='bbox 3245 2012 3467 2095; x_wconf 88' lang='lat' dir='ltr'><strong>conju-</strong></span> 
     </span>
     <span class='ocr_line' id='line_1_55' title="bbox 1970 2112 3471 2201; baseline -0.002 -23"><span class='ocrx_word' id='word_1_296' title='bbox 1970 2137 2123 2201; x_wconf 82' lang='lat' dir='ltr'><strong>gem</strong></span> <span class='ocrx_word' id='word_1_297' title='bbox 2180 2112 2576 2197; x_wconf 85' lang='lat' dir='ltr'><strong>legitimam,</strong></span> <span class='ocrx_word' id='word_1_298' title='bbox 2639 2113 2750 2176; x_wconf 91' lang='lat' dir='ltr'><strong>alii</strong></span> <span class='ocrx_word' id='word_1_299' title='bbox 2812 2115 3222 2198; x_wconf 88' lang='lat' dir='ltr'><strong>Cleopatram</strong></span> <span class='ocrx_word' id='word_1_300' title='bbox 3291 2113 3471 2195; x_wconf 83' lang='lat' dir='ltr'><strong>adul-</strong></span> 
     </span>
     <span class='ocr_line' id='line_1_56' title="bbox 1968 2214 3469 2299; baseline -0.001 -20"><span class='ocrx_word' id='word_1_301' title='bbox 1968 2232 2175 2279; x_wconf 88' lang='lat' dir='ltr'><strong>teram</strong></span> <span class='ocrx_word' id='word_1_302' title='bbox 2222 2217 2497 2281; x_wconf 86' lang='lat' dir='ltr'><strong>sociare.</strong></span> <span class='ocrx_word' id='word_1_303' title='bbox 2562 2214 2694 2276; x_wconf 88' lang='lat' dir='ltr'><strong>Sed</strong></span> <span class='ocrx_word' id='word_1_304' title='bbox 2740 2215 2904 2279; x_wconf 89' lang='lat' dir='ltr'><strong>haee</strong></span> <span class='ocrx_word' id='word_1_305' title='bbox 2944 2216 3271 2299; x_wconf 87' lang='lat' dir='ltr'><strong>copiosius</strong></span> <span class='ocrx_word' id='word_1_306' title='bbox 3316 2216 3469 2278; x_wconf 89' lang='lat' dir='ltr'><strong>illu-</strong></span> 
     </span>
     <span class='ocr_line' id='line_1_57' title="bbox 1964 2315 3467 2402; baseline -0.001 -21"><span class='ocrx_word' id='word_1_307' title='bbox 1964 2317 2230 2381; x_wconf 83' lang='lat' dir='ltr'><strong>stranda</strong></span> <span class='ocrx_word' id='word_1_308' title='bbox 2269 2315 2718 2400; x_wconf 87' lang='lat' dir='ltr'><strong>permittamus</strong></span> <span class='ocrx_word' id='word_1_309' title='bbox 2755 2319 3070 2401; x_wconf 85' lang='lat' dir='ltr'><strong>tempori,</strong></span> <span class='ocrx_word' id='word_1_310' title='bbox 3117 2318 3293 2402; x_wconf 91' lang='lat' dir='ltr'><strong>quod</strong></span> <span class='ocrx_word' id='word_1_311' title='bbox 3332 2318 3467 2381; x_wconf 86' lang='lat' dir='ltr'><strong>for-</strong></span> 
     </span>
     <span class='ocr_line' id='line_1_58' title="bbox 1958 2418 3465 2504; baseline -0.001 -22"><span class='ocrx_word' id='word_1_312' title='bbox 1958 2434 2030 2483; x_wconf 84' lang='lat' dir='ltr'><strong>te</strong></span> <span class='ocrx_word' id='word_1_313' title='bbox 2073 2418 2420 2504; x_wconf 87' lang='lat' dir='ltr'><strong>aliquando</strong></span> <span class='ocrx_word' id='word_1_314' title='bbox 2457 2420 2680 2503; x_wconf 89' lang='lat' dir='ltr'><strong>plures</strong></span> <span class='ocrx_word' id='word_1_315' title='bbox 2717 2420 2907 2502; x_wconf 87' lang='lat' dir='ltr'><strong>hujus</strong></span> <span class='ocrx_word' id='word_1_316' title='bbox 2942 2420 3309 2504; x_wconf 84' lang='lat' dir='ltr'><strong>argumenti</strong></span> <span class='ocrx_word' id='word_1_317' title='bbox 3347 2442 3465 2481; x_wconf 89' lang='lat' dir='ltr'><strong>nu-</strong></span> 
     </span>
     <span class='ocr_line' id='line_1_59' title="bbox 1964 2520 3459 2607; baseline 0 -24"><span class='ocrx_word' id='word_1_318' title='bbox 1964 2543 2141 2595; x_wconf 86' lang='lat' dir='ltr'><strong>mos,</strong></span> <span class='ocrx_word' id='word_1_319' title='bbox 2188 2541 2435 2604; x_wconf 89' lang='lat' dir='ltr'><strong>eosque</strong></span> <span class='ocrx_word' id='word_1_320' title='bbox 2479 2521 2685 2607; x_wconf 85' lang='lat' dir='ltr'><strong>magis</strong></span> <span class='ocrx_word' id='word_1_321' title='bbox 2729 2522 3023 2607; x_wconf 80' lang='lat' dir='ltr'><strong>integros</strong></span> <span class='ocrx_word' id='word_1_322' title='bbox 3069 2520 3459 2604; x_wconf 84' lang='lat' dir='ltr'><strong>spectandos</strong></span> 
     </span>
     <span class='ocr_line' id='line_1_60' title="bbox 1954 2623 2167 2690; baseline 0.028 -6"><span class='ocrx_word' id='word_1_323' title='bbox 1954 2623 2167 2690; x_wconf 69' lang='lat' dir='ltr'><strong>&#39;dabit-</strong></span> 
     </span>
    </p>

    <p class='ocr_par' dir='ltr' id='par_1_8' title="bbox 2094 2721 3463 2811">
     <span class='ocr_line' id='line_1_61' title="bbox 2094 2721 3463 2811; baseline 0.001 -26"><span class='ocrx_word' id='word_1_324' title='bbox 2094 2725 2460 2807; x_wconf 88' lang='lat' dir='ltr'><strong>Supersunt</strong></span> <span class='ocrx_word' id='word_1_325' title='bbox 2492 2721 2869 2806; x_wconf 83' lang='lat' dir='ltr'><strong>explicanda</strong></span> <span class='ocrx_word' id='word_1_326' title='bbox 2887 2722 3112 2811; x_wconf 29' lang='lat' dir='ltr'><strong>,aliqua</strong></span> <span class='ocrx_word' id='word_1_327' title='bbox 3132 2767 3149 2801; x_wconf 93' lang='lat'><strong>,</strong></span> <span class='ocrx_word' id='word_1_328' title='bbox 3185 2738 3362 2806; x_wconf 82' lang='lat' dir='ltr'><strong>quae</strong></span> <span class='ocrx_word' id='word_1_329' title='bbox 3379 2721 3463 2786; x_wconf 86' lang='lat' dir='ltr'><strong>ad</strong></span> 
     </span>
    </p>
   </div>
   <div class='ocr_carea' id='block_1_7' title="bbox 1902 2825 3131 2910">
    <p class='ocr_par' dir='ltr' id='par_1_9' title="bbox 1902 2825 3131 2910">
     <span class='ocr_line' id='line_1_62' title="bbox 1902 2825 3131 2910; baseline -0.001 -21"><span class='ocrx_word' id='word_1_330' title='bbox 1902 2842 1913 2855; x_wconf 86' lang='lat'><strong>·</strong></span> <span class='ocrx_word' id='word_1_331' title='bbox 1963 2825 2438 2910; x_wconf 84' lang='lat' dir='ltr'><strong>inscriptionis,</strong></span> <span class='ocrx_word' id='word_1_332' title='bbox 2484 2839 2553 2888; x_wconf 89' lang='lat' dir='ltr'><strong>et</strong></span> <span class='ocrx_word' id='word_1_333' title='bbox 2590 2838 2777 2908; x_wconf 78' lang='lat' dir='ltr'><strong>typos</strong></span> <span class='ocrx_word' id='word_1_334' title='bbox 2820 2837 3131 2908; x_wconf 84' lang='lat' dir='ltr'><strong>spectant.</strong></span> 
     </span>
    </p>
   </div>
   <div class='ocr_carea' id='block_1_8' title="bbox 1945 2925 3486 4533">
    <p class='ocr_par' dir='ltr' id='par_1_10' title="bbox 1945 2925 3486 4533">
     <span class='ocr_line' id='line_1_63' title="bbox 2090 2925 3460 3009; baseline 0 -20"><span class='ocrx_word' id='word_1_335' title='bbox 2090 2931 2165 2989; x_wconf 88' lang='lat' dir='ltr'><strong>ln</strong></span> <span class='ocrx_word' id='word_1_336' title='bbox 2200 2926 2536 2990; x_wconf 85' lang='lat' dir='ltr'><strong>nonnullis</strong></span> <span class='ocrx_word' id='word_1_337' title='bbox 2567 2940 2714 3009; x_wconf 87' lang='lat' dir='ltr'><strong>post</strong></span> <span class='ocrx_word' id='word_1_338' title='bbox 2752 2946 2978 2988; x_wconf 87' lang='lat' dir='ltr'><strong>omnes</strong></span> <span class='ocrx_word' id='word_1_339' title='bbox 3016 2925 3335 3009; x_wconf 88' lang='lat' dir='ltr'><strong>praefecti</strong></span> <span class='ocrx_word' id='word_1_340' title='bbox 3383 2925 3460 2989; x_wconf 89' lang='lat' dir='ltr'><strong>ti-</strong></span> 
     </span>
     <span class='ocr_line' id='line_1_64' title="bbox 1960 3028 3463 3095; baseline -0.003 -2"><span class='ocrx_word' id='word_1_341' title='bbox 1960 3031 2135 3095; x_wconf 77' lang='lat' dir='ltr'><strong>tulos</strong></span> <span class='ocrx_word' id='word_1_342' title='bbox 2173 3029 2497 3092; x_wconf 85' lang='lat' dir='ltr'><strong>adduntur</strong></span> <span class='ocrx_word' id='word_1_343' title='bbox 2533 3028 2765 3091; x_wconf 89' lang='lat' dir='ltr'><strong>literae</strong></span> <span class='ocrx_word' id='word_1_344' title='bbox 2802 3029 2879 3090; x_wconf 88' lang='lat' dir='ltr'><strong>F.</strong></span> <span class='ocrx_word' id='word_1_345' title='bbox 2909 3028 2979 3091; x_wconf 91' lang='lat' dir='ltr'><strong>C.</strong></span> <span class='ocrx_word' id='word_1_346' title='bbox 3025 3030 3273 3092; x_wconf 85' lang='lat' dir='ltr'><strong>Novam</strong></span> <span class='ocrx_word' id='word_1_347' title='bbox 3316 3048 3463 3089; x_wconf 83' lang='lat' dir='ltr'><strong>sen-</strong></span> 
     </span>
     <span class='ocr_line' id='line_1_65' title="bbox 1960 3122 3460 3205; baseline -0.002 -12"><span class='ocrx_word' id='word_1_348' title='bbox 1960 3131 2228 3194; x_wconf 89' lang='lat' dir='ltr'><strong>tentiam</strong></span> <span class='ocrx_word' id='word_1_349' title='bbox 2264 3142 2669 3205; x_wconf 82' lang='lat' dir='ltr'><strong>commentus</strong></span> <span class='ocrx_word' id='word_1_350' title='bbox 2701 3122 2801 3191; x_wconf 87' lang='lat' dir='ltr'><strong>est</strong></span> <span class='ocrx_word' id='word_1_351' title='bbox 2834 3127 3170 3205; x_wconf 86' lang='lat' dir='ltr'><strong>Panelius,</strong></span> <span class='ocrx_word' id='word_1_352' title='bbox 3207 3149 3315 3191; x_wconf 85' lang='lat' dir='ltr'><strong>eas</strong></span> <span class='ocrx_word' id='word_1_353' title='bbox 3348 3150 3460 3192; x_wconf 81' lang='lat' dir='ltr'><strong>ex-</strong></span> 
     </span>
     <span class='ocr_line' id='line_1_66' title="bbox 1959 3222 3458 3316; baseline 0 -24"><span class='ocrx_word' id='word_1_354' title='bbox 1959 3232 2239 3316; x_wconf 79' lang='lat' dir='ltr'><strong>plicans:</strong></span> <span class='ocrx_word' id='word_1_355' title='bbox 2299 3222 2782 3295; x_wconf 74' lang='lat' dir='ltr'><strong>PRAEFectus</strong></span> <span class='ocrx_word' id='word_1_356' title='bbox 2831 3231 3087 3293; x_wconf 80' lang='lat' dir='ltr'><strong>CLassi</strong></span> <span class='ocrx_word' id='word_1_357' title='bbox 3130 3230 3458 3293; x_wconf 80' lang='lat' dir='ltr'><strong>Foedera-</strong></span> 
     </span>
     <span class='ocr_line' id='line_1_67' title="bbox 1960 3330 3452 3417; baseline 0 -21"><span class='ocrx_word' id='word_1_358' title='bbox 1960 3346 2182 3396; x_wconf 76' lang='lat' dir='ltr'><strong>torum</strong></span> <span class='ocrx_word' id='word_1_359' title='bbox 2229 3334 2621 3415; x_wconf 78' lang='lat' dir='ltr'><strong>copiarum,</strong></span> <span class='ocrx_word' id='word_1_360' title='bbox 2675 3352 2871 3417; x_wconf 82' lang='lat' dir='ltr'><strong>quam</strong></span> <span class='ocrx_word' id='word_1_361' title='bbox 2914 3330 3206 3393; x_wconf 81' lang='lat' dir='ltr'><strong>refutare</strong></span> <span class='ocrx_word' id='word_1_362' title='bbox 3249 3332 3452 3415; x_wconf 82' lang='lat' dir='ltr'><strong>piget.</strong></span> 
     </span>
     <span class='ocr_line' id='line_1_68' title="bbox 1959 3433 3455 3518; baseline -0.001 -23"><span class='ocrx_word' id='word_1_363' title='bbox 1959 3436 2088 3497; x_wconf 89' lang='lat' dir='ltr'><strong>Eas</strong></span> <span class='ocrx_word' id='word_1_364' title='bbox 2132 3435 2356 3497; x_wconf 81' lang='lat' dir='ltr'><strong>literas</strong></span> <span class='ocrx_word' id='word_1_365' title='bbox 2396 3435 2523 3518; x_wconf 89' lang='lat' dir='ltr'><strong>jam</strong></span> <span class='ocrx_word' id='word_1_366' title='bbox 2568 3433 2908 3496; x_wconf 87' lang='lat' dir='ltr'><strong>habuimus</strong></span> <span class='ocrx_word' id='word_1_367' title='bbox 2951 3433 3018 3495; x_wconf 90' lang='lat' dir='ltr'><strong>in</strong></span> <span class='ocrx_word' id='word_1_368' title='bbox 3062 3433 3274 3494; x_wconf 85' lang='lat' dir='ltr'><strong>numis</strong></span> <span class='ocrx_word' id='word_1_369' title='bbox 3315 3434 3455 3500; x_wconf 89' lang='lat' dir='ltr'><strong>Vti-</strong></span> 
     </span>
     <span class='ocr_line' id='line_1_69' title="bbox 1954 3533 3451 3620; baseline -0.002 -21"><span class='ocrx_word' id='word_1_370' title='bbox 1954 3554 2112 3615; x_wconf 76' lang='lat' dir='ltr'><strong>cae,</strong></span> <span class='ocrx_word' id='word_1_371' title='bbox 2172 3551 2240 3599; x_wconf 88' lang='lat' dir='ltr'><strong>et</strong></span> <span class='ocrx_word' id='word_1_372' title='bbox 2297 3537 2367 3597; x_wconf 88' lang='lat' dir='ltr'><strong>in</strong></span> <span class='ocrx_word' id='word_1_373' title='bbox 2423 3535 2704 3598; x_wconf 83' lang='lat' dir='ltr'><strong>denariis</strong></span> <span class='ocrx_word' id='word_1_374' title='bbox 2759 3533 2990 3617; x_wconf 87' lang='lat' dir='ltr'><strong>Eppii,</strong></span> <span class='ocrx_word' id='word_1_375' title='bbox 3050 3533 3114 3595; x_wconf 89' lang='lat' dir='ltr'><strong>in</strong></span> <span class='ocrx_word' id='word_1_376' title='bbox 3172 3554 3451 3620; x_wconf 86' lang='lat' dir='ltr'><strong>quorum</strong></span> 
     </span>
     <span class='ocr_line' id='line_1_70' title="bbox 1953 3635 3453 3719; baseline -0.001 -19"><span class='ocrx_word' id='word_1_377' title='bbox 1953 3637 2260 3700; x_wconf 84' lang='lat' dir='ltr'><strong>examine</strong></span> <span class='ocrx_word' id='word_1_378' title='bbox 2294 3636 2605 3714; x_wconf 82' lang='lat' dir='ltr'><strong>diximus,</strong></span> <span class='ocrx_word' id='word_1_379' title='bbox 2651 3657 2766 3701; x_wconf 88' lang='lat' dir='ltr'><strong>eos</strong></span> <span class='ocrx_word' id='word_1_380' title='bbox 2803 3635 3204 3719; x_wconf 81' lang='lat' dir='ltr'><strong>significare:</strong></span> <span class='ocrx_word' id='word_1_381' title='bbox 3250 3636 3453 3698; x_wconf 79' lang='lat' dir='ltr'><strong>Flan-</strong></span> 
     </span>
     <span class='ocr_line' id='line_1_71' title="bbox 1955 3739 3451 3824; baseline -0.001 -22"><span class='ocrx_word' id='word_1_382' title='bbox 1955 3739 2145 3816; x_wconf 76' lang='lat' dir='ltr'><strong>dut&#39;n,</strong></span> <span class='ocrx_word' id='word_1_383' title='bbox 2180 3741 2292 3805; x_wconf 74' lang='lat' dir='ltr'><strong>vel</strong></span> <span class='ocrx_word' id='word_1_384' title='bbox 2325 3741 2732 3803; x_wconf 73' lang='lat' dir='ltr'><strong>Feriundum</strong></span> <span class='ocrx_word' id='word_1_385' title='bbox 2762 3739 3070 3815; x_wconf 74' lang='lat' dir='ltr'><strong>Cur-avit,</strong></span> <span class='ocrx_word' id='word_1_386' title='bbox 3106 3758 3297 3824; x_wconf 87' lang='lat' dir='ltr'><strong>quam</strong></span> <span class='ocrx_word' id='word_1_387' title='bbox 3335 3759 3451 3802; x_wconf 76' lang='lat' dir='ltr'><strong>ex-</strong></span> 
     </span>
     <span class='ocr_line' id='line_1_72' title="bbox 1952 3839 3457 3924; baseline 0.003 -24"><span class='ocrx_word' id='word_1_388' title='bbox 1952 3839 2372 3923; x_wconf 79' lang='lat' dir='ltr'><strong>plicationem</strong></span> <span class='ocrx_word' id='word_1_389' title='bbox 2419 3840 2645 3903; x_wconf 84' lang='lat' dir='ltr'><strong>maluit</strong></span> <span class='ocrx_word' id='word_1_390' title='bbox 2687 3859 2946 3924; x_wconf 87' lang='lat' dir='ltr'><strong>quoque</strong></span> <span class='ocrx_word' id='word_1_391' title='bbox 2983 3840 3326 3903; x_wconf 86' lang='lat' dir='ltr'><strong>Bimardus</strong></span> <span class='ocrx_word' id='word_1_392' title='bbox 3358 3841 3457 3922; x_wconf 71' lang='grc' dir='ltr'><strong>ό).”</strong></span> 
     </span>
     <span class='ocr_line' id='line_1_73' title="bbox 1946 3939 3446 4021; baseline 0 -19"><span class='ocrx_word' id='word_1_393' title='bbox 1946 3941 2212 4005; x_wconf 82' lang='lat' dir='ltr'><strong>Literas</strong></span> <span class='ocrx_word' id='word_1_394' title='bbox 2273 3942 2340 4004; x_wconf 90' lang='lat' dir='ltr'><strong>in</strong></span> <span class='ocrx_word' id='word_1_395' title='bbox 2398 3942 2501 4004; x_wconf 88' lang='lat' dir='ltr'><strong>his</strong></span> <span class='ocrx_word' id='word_1_396' title='bbox 2556 3942 2770 4003; x_wconf 87' lang='lat' dir='ltr'><strong>numis</strong></span> <span class='ocrx_word' id='word_1_397' title='bbox 2822 3940 3140 4003; x_wconf 85' lang='lat' dir='ltr'><strong>solitarias</strong></span> <span class='ocrx_word' id='word_1_398' title='bbox 3183 3943 3285 4021; x_wconf 89' lang='lat' dir='ltr'><strong>A,</strong></span> <span class='ocrx_word' id='word_1_399' title='bbox 3350 3939 3446 4021; x_wconf 85' lang='lat' dir='ltr'><strong>B,</strong></span> 
     </span>
     <span class='ocr_line' id='line_1_74' title="bbox 1951 4037 3439 4125; baseline 0.001 -21"><span class='ocrx_word' id='word_1_400' title='bbox 1951 4037 2034 4120; x_wconf 85' lang='grc' dir='ltr'><strong>Γ,</strong></span> <span class='ocrx_word' id='word_1_401' title='bbox 2106 4042 2201 4122; x_wconf 87' lang='grc' dir='ltr'><strong>Δ,</strong></span> <span class='ocrx_word' id='word_1_402' title='bbox 2271 4042 2366 4106; x_wconf 93' lang='grc' dir='ltr'><strong>ΔῙ</strong></span> <span class='ocrx_word' id='word_1_403' title='bbox 2427 4066 2560 4107; x_wconf 87' lang='lat' dir='ltr'><strong>non</strong></span> <span class='ocrx_word' id='word_1_404' title='bbox 2616 4062 2811 4125; x_wconf 86' lang='lat' dir='ltr'><strong>posse</strong></span> <span class='ocrx_word' id='word_1_405' title='bbox 2877 4041 3167 4105; x_wconf 89' lang='lat' dir='ltr'><strong>indicare</strong></span> <span class='ocrx_word' id='word_1_406' title='bbox 3235 4063 3439 4123; x_wconf 73' lang='lat' dir='ltr'><strong>annos</strong></span> 
     </span>
     <span class='ocr_line' id='line_1_75' title="bbox 1951 4142 3442 4229; baseline -0.002 -22"><span class='ocrx_word' id='word_1_407' title='bbox 1951 4146 2439 4229; x_wconf 79' lang='lat' dir='ltr'><strong>praefecturae,</strong></span> <span class='ocrx_word' id='word_1_408' title='bbox 2501 4144 2618 4207; x_wconf 86' lang='lat' dir='ltr'><strong>sed</strong></span> <span class='ocrx_word' id='word_1_409' title='bbox 2670 4155 2899 4204; x_wconf 88' lang='lat' dir='ltr'><strong>notare</strong></span> <span class='ocrx_word' id='word_1_410' title='bbox 2944 4142 3186 4226; x_wconf 87' lang='lat' dir='ltr'><strong>aliquid</strong></span> <span class='ocrx_word' id='word_1_411' title='bbox 3229 4144 3442 4206; x_wconf 88' lang='lat' dir='ltr'><strong>incer·</strong></span> 
     </span>
     <span class='ocr_line' id='line_1_76' title="bbox 1950 4244 3486 4331; baseline -0.001 -22"><span class='ocrx_word' id='word_1_412' title='bbox 1950 4260 2128 4323; x_wconf 88' lang='lat' dir='ltr'><strong>tum,</strong></span> <span class='ocrx_word' id='word_1_413' title='bbox 2197 4269 2394 4331; x_wconf 87' lang='lat' dir='ltr'><strong>supra</strong></span> <span class='ocrx_word' id='word_1_414' title='bbox 2449 4247 2516 4308; x_wconf 90' lang='lat' dir='ltr'><strong>in</strong></span> <span class='ocrx_word' id='word_1_415' title='bbox 2577 4244 2733 4329; x_wconf 80' lang='lat' dir='ltr'><strong>ipsis</strong></span> <span class='ocrx_word' id='word_1_416' title='bbox 2791 4244 2893 4306; x_wconf 86' lang='lat' dir='ltr'><strong>his</strong></span> <span class='ocrx_word' id='word_1_417' title='bbox 2957 4245 3486 4308; x_wconf 67' lang='lat' dir='ltr'><strong>commentariis</strong></span> 
     </span>
     <span class='ocr_line' id='line_1_77' title="bbox 1946 4340 3436 4433; baseline -0.001 -22"><span class='ocrx_word' id='word_1_418' title='bbox 1946 4340 2245 4411; x_wconf 82' lang='lat' dir='ltr'><strong>diximus.</strong></span> <span class='ocrx_word' id='word_1_419' title='bbox 2319 4352 2546 4433; x_wconf 84' lang='lat' dir='ltr'><strong>Ignota</strong></span> <span class='ocrx_word' id='word_1_420' title='bbox 2626 4346 2820 4409; x_wconf 86' lang='lat' dir='ltr'><strong>etiam</strong></span> <span class='ocrx_word' id='word_1_421' title='bbox 2899 4346 3283 4430; x_wconf 83' lang='lat' dir='ltr'><strong>significatio</strong></span> <span class='ocrx_word' id='word_1_422' title='bbox 3357 4346 3436 4409; x_wconf 92' lang='lat' dir='ltr'><strong>li-</strong></span> 
     </span>
     <span class='ocr_line' id='line_1_78' title="bbox 1945 4448 3435 4533; baseline 0 -20"><span class='ocrx_word' id='word_1_423' title='bbox 1945 4464 2232 4514; x_wconf 88' lang='lat' dir='ltr'><strong>terarum</strong></span> <span class='ocrx_word' id='word_1_424' title='bbox 2264 4452 2412 4527; x_wconf 90' lang='lat' dir='ltr'><strong>HS,</strong></span> <span class='ocrx_word' id='word_1_425' title='bbox 2459 4469 2623 4533; x_wconf 87' lang='lat' dir='ltr'><strong>quae</strong></span> <span class='ocrx_word' id='word_1_426' title='bbox 2668 4462 2817 4511; x_wconf 89' lang='lat' dir='ltr'><strong>sunt</strong></span> <span class='ocrx_word' id='word_1_427' title='bbox 2850 4449 2915 4508; x_wconf 90' lang='lat' dir='ltr'><strong>in</strong></span> <span class='ocrx_word' id='word_1_428' title='bbox 2953 4448 3284 4511; x_wconf 88' lang='lat' dir='ltr'><strong>nonnullis</strong></span> <span class='ocrx_word' id='word_1_429' title='bbox 3328 4470 3435 4513; x_wconf 89' lang='lat' dir='ltr'><strong>ae-</strong></span> 
     </span>
    </p>
   </div>
   <div class='ocr_carea' id='block_1_9' title="bbox 1942 4530 3490 4745">
    <p class='ocr_par' dir='ltr' id='par_1_11' title="bbox 1942 4530 3490 4745">
     <span class='ocr_line' id='line_1_79' title="bbox 1942 4530 3434 4637; baseline -0.001 -22"><span class='ocrx_word' id='word_1_430' title='bbox 1942 4554 2085 4617; x_wconf 87' lang='lat' dir='ltr'><strong>neis</strong></span> <span class='ocrx_word' id='word_1_431' title='bbox 2147 4552 2411 4637; x_wconf 86' lang='lat' dir='ltr'><strong>maj0ris</strong></span> <span class='ocrx_word' id='word_1_432' title='bbox 2467 4549 2741 4616; x_wconf 86' lang='lat' dir='ltr'><strong>formae.</strong></span> <span class='ocrx_word' id='word_1_433' title='bbox 2818 4530 3305 4633; x_wconf 71' lang='lat' dir='ltr'><strong>Havereanipus</strong></span> <span class='ocrx_word' id='word_1_434' title='bbox 3350 4551 3434 4613; x_wconf 83' lang='lat' dir='ltr'><strong>si·</strong></span> 
     </span>
     <span class='ocr_line' id='line_1_80' title="bbox 1944 4651 3490 4745; baseline -0.002 -27"><span class='ocrx_word' id='word_1_435' title='bbox 1944 4655 2086 4718; x_wconf 86' lang='lat' dir='ltr'><strong>mili</strong></span> <span class='ocrx_word' id='word_1_436' title='bbox 2132 4669 2288 4719; x_wconf 84' lang='lat' dir='ltr'><strong>nota</strong></span> <span class='ocrx_word' id='word_1_437' title='bbox 2336 4654 2404 4716; x_wconf 88' lang='lat' dir='ltr'><strong>in</strong></span> <span class='ocrx_word' id='word_1_438' title='bbox 2451 4673 2649 4733; x_wconf 86' lang='lat' dir='ltr'><strong>numo</strong></span> <span class='ocrx_word' id='word_1_439' title='bbox 2696 4652 2974 4716; x_wconf 84' lang='lat' dir='ltr'><strong>Atratini</strong></span> <span class='ocrx_word' id='word_1_440' title='bbox 3025 4651 3290 4736; x_wconf 87' lang='lat' dir='ltr'><strong>putabat</strong></span> <span class='ocrx_word' id='word_1_441' title='bbox 3336 4655 3433 4715; x_wconf 86' lang='lat' dir='ltr'><strong>in·</strong></span> <span class='ocrx_word' id='word_1_442' title='bbox 3479 4736 3490 4745; x_wconf 30' lang='grc' dir='ltr'><strong>ο</strong></span> 
     </span>
    </p>
   </div>
   <div class='ocr_carea' id='block_1_10' title="bbox 322 4790 3428 4819">
    <p class='ocr_par' dir='ltr' id='par_1_12' title="bbox 322 4790 3428 4819">
     <span class='ocr_line' id='line_1_81' title="bbox 322 4790 3428 4819; baseline 0 765"><span class='ocrx_word' id='word_1_443' title='bbox 322 4790 3428 4819; x_wconf 95' lang='lat' dir='ltr'><strong> </strong></span> 
     </span>
    </p>
   </div>
   <div class='ocr_carea' id='block_1_11' title="bbox 396 4864 979 4942">
    <p class='ocr_par' dir='ltr' id='par_1_13' title="bbox 396 4864 979 4942">
     <span class='ocr_line' id='line_1_82' title="bbox 396 4864 979 4942; baseline -0.007 -19"><span class='ocrx_word' id='word_1_444' title='bbox 396 4872 459 4942; x_wconf 69' lang='lat' dir='ltr'><strong>a)</strong></span> <span class='ocrx_word' id='word_1_445' title='bbox 496 4864 792 4925; x_wconf 80' lang='lat' dir='ltr'><strong>L.XL1X.</strong></span> <span class='ocrx_word' id='word_1_446' title='bbox 821 4864 872 4936; x_wconf 80' lang='lat'><strong>§-</strong></span> <span class='ocrx_word' id='word_1_447' title='bbox 891 4875 979 4928; x_wconf 78' lang='lat'><strong>32.</strong></span> 
     </span>
    </p>
   </div>
   <div class='ocr_carea' id='block_1_12' title="bbox 1126 4862 1891 4941">
    <p class='ocr_par' dir='ltr' id='par_1_14' title="bbox 1126 4862 1891 4941">
     <span class='ocr_line' id='line_1_83' title="bbox 1126 4862 1891 4941; baseline -0.004 -20"><span class='ocrx_word' id='word_1_448' title='bbox 1126 4864 1198 4937; x_wconf 77' lang='lat' dir='ltr'><strong>b)</strong></span> <span class='ocrx_word' id='word_1_449' title='bbox 1238 4863 1430 4941; x_wconf 87' lang='lat' dir='ltr'><strong>Epod.</strong></span> <span class='ocrx_word' id='word_1_450' title='bbox 1459 4862 1577 4923; x_wconf 87' lang='lat' dir='ltr'><strong>od.</strong></span> <span class='ocrx_word' id='word_1_451' title='bbox 1605 4862 1703 4923; x_wconf 86' lang='lat' dir='ltr'><strong>IX.</strong></span> <span class='ocrx_word' id='word_1_452' title='bbox 1731 4883 1785 4921; x_wconf 86' lang='lat' dir='ltr'><strong>v.</strong></span> <span class='ocrx_word' id='word_1_453' title='bbox 1806 4875 1891 4923; x_wconf 83' lang='lat'><strong>11.</strong></span> 
     </span>
    </p>
   </div>
   <div class='ocr_carea' id='block_1_13' title="bbox 2040 4857 3426 4936">
    <p class='ocr_par' dir='ltr' id='par_1_15' title="bbox 2040 4857 3426 4936">
     <span class='ocr_line' id='line_1_84' title="bbox 2040 4857 3426 4936; baseline -0.004 -15"><span class='ocrx_word' id='word_1_454' title='bbox 2040 4863 2103 4935; x_wconf 80' lang='lat' dir='ltr'><strong>c)</strong></span> <span class='ocrx_word' id='word_1_455' title='bbox 2141 4861 2293 4919; x_wconf 67' lang='lat' dir='ltr'><strong>m..</strong></span> <span class='ocrx_word' id='word_1_456' title='bbox 2321 4862 2367 4933; x_wconf 80' lang='lat'><strong>§-</strong></span> <span class='ocrx_word' id='word_1_457' title='bbox 2390 4871 2439 4922; x_wconf 85' lang='lat'><strong>5.</strong></span> <span class='ocrx_word' id='word_1_458' title='bbox 2590 4857 2660 4931; x_wconf 76' lang='lat' dir='ltr'><strong>a&gt;</strong></span> <span class='ocrx_word' id='word_1_459' title='bbox 2687 4859 2765 4917; x_wconf 75' lang='lat' dir='ltr'><strong>aa</strong></span> <span class='ocrx_word' id='word_1_460' title='bbox 2789 4857 3005 4916; x_wconf 66' lang='lat' dir='ltr'><strong>loha-t.</strong></span> <span class='ocrx_word' id='word_1_461' title='bbox 3034 4858 3102 4915; x_wconf 75' lang='grc' dir='ltr'><strong>Τ.</strong></span> <span class='ocrx_word' id='word_1_462' title='bbox 3124 4858 3196 4918; x_wconf 92' lang='lat'><strong>11.</strong></span> <span class='ocrx_word' id='word_1_463' title='bbox 3224 4879 3286 4936; x_wconf 81' lang='lat' dir='ltr'><strong>p.</strong></span> <span class='ocrx_word' id='word_1_464' title='bbox 3308 4860 3426 4924; x_wconf 73' lang='lat'><strong>136.</strong></span> 
     </span>
    </p>
   </div>
  </div>
 </body>
</html>
