4509 5584
1035 516 1130 593 25
1778 574 1797 597 Ι
2125 501 2362 574 sax.
2430 452 3047 580 ronrm'vs.

1156 675 1395 740 Addita
1474 694 1604 741 vox
1660 673 1837 757 IMP.
1896 668 2274 752 confirmat,
2352 670 2538 758 quo'd-
2640 673 2710 734 iu
2757 632 3264 760 Prolegomenis'
3307 673 3389 738 ad
3440 678 3689 740 numos*
3713 674 4132 741 Familiarum

1028 779 1332 845 referunt
1385 778 1489 841 rei
1541 780 1732 842 Rom.
1777 773 2171 858 scriptores,
2235 776 2529 849 Cassium

1028 903 1180 946 cum
1232 879 1513 964 imperio
1566 879 1634 941 in
1693 877 1946 962 Syriam
2003 878 2295 943 missum.
2389 876 2529 940 Sed

1027 994 1096 1047 et
1138 981 1450 1045 Sardibus
1516 1003 1644 1044 una
1707 1000 1858 1044 cum
1906 980 2116 1043 Bruto
2183 978 2264 1042 ab
2335 978 2526 1042 eier-

1023 1085 1159 1148 citu
1232 1084 1650 1147 acclamatum
1724 1083 2224 1166 imperatorem,
2300 1093 2525 1144 narrat

1020 1186 1410 1249 Plutarchus
1455 1187 1534 1266 ⁸).
1610 1182 1962 1246 Libertatis
2005 1195 2199 1266 caput
2247 1183 2394 1265 jure
2453 1181 2520 1244 in

1022 1288 1128 1352 bis
1170 1288 1383 1351 numia
1430 1285 1826 1371 praefulget,
1873 1282 2178 1368 quoniam
2221 1284 2364 1368 ejus
2409 1284 2522 1347 ob-

1018 1403 1207 1453 tentu
1279 1410 1457 1453 arma
1534 1387 1825 1472 sumpsit.
1909 1385 2133 1451 Facile
2203 1384 2521 1468 patimur,

1020 1492 1222 1556 scribi
1280 1488 1782 1552 LEIBERTAS
1852 1508 1975 1572 pro
2041 1488 2515 1564 LIBERTAS,

898 1579 914 1591 ⁸
1019 1606 1086 1656 at
1164 1592 1389 1655 durius
1459 1604 1565 1653 est
1638 1589 1948 1674 scriptum
2022 1589 2326 1653 CASSEI
2394 1608 2519 1673 pro

1022 1694 1288 1762 CASSI.
1312 1740 1330 1774 ,
1376 1713 1740 1793 quanquam
1782 1704 1852 1755 et
1896 1691 2025 1757 hoc
2069 1688 2518 1758 excusavimus

2642 796 2782 862 cap.
2815 778 2958 845 Vll.
3004 780 3056 853 §.
3082 775 3146 840 3.

3085 950 3100 959 ·
3366 942 3406 980 a

3155 988 3199 1027 e
3571 992 3614 1030 t

2963 1083 3056 1146 M.
3110 1080 3525 1181 AQVINVs.
3574 1078 3780 1149 LEG.
3839 1080 4134 1145 LIBER·

2961 1182 3152 1245 TAS.
3199 1187 3410 1266 Caput
3441 1183 3760 1247 muliebre
3783 1186 4004 1248 nimbo
4042 1207 4138 1246 rc-

2957 1286 3292 1365 dimitam.

2636 1386 2711 1452 C.
2747 1385 3011 1452 CASSI.
3051 1386 3228 1449 IMP.
3297 1383 3536 1466 Tripus
3572 1388 3890 1470 imposita
3934 1391 4135 1451 corti-

2637 1508 2742 1550 na.
2787 1489 2932 1555 AV.
2972 1490 3171 1570 (Mus.
3206 1486 3484 1567 CAES.)

2763 1591 2955 1652 Hunc
2993 1609 3263 1651 numum
3301 1589 3431 1672 jam
3474 1587 3770 1654 dedimus
3815 1588 3883 1652 in
3901 1589 4130 1674 [gente

2638 1690 2940 1754 Caecilia.

2296 1876 2856 1968 PRETJVM.

1464 2070 1673 2133 Aurei
1774 2141 1783 2149 „
1899 2104 1927 2119 -

1372 2260 1380 2271 ·
1465 2172 1787 2256 Argentei
1899 2207 1927 2221 -

1465 2274 1683 2338 Aenei

3456 2070 3601 2134 RR.

3455 2172 3539 2236 R.

3454 2271 3517 2337 Ο

1972 2556 2201 2624 SEX.
2283 2498 2881 2623 POMPEIVS
2950 2557 3183 2620 IMP.

1143 2724 1448 2810 Pompeii
1496 2728 1591 2792 M.
1639 2725 1812 2791 filius
1864 2740 2018 2790 natu
2073 2726 2290 2791 minor
2337 2726 2510 2792 victo

1017 2848 1340 2910 caesoque
1382 2841 1568 2911 patre
1612 2828 1678 2889 in
1722 2828 2064 2912 Hispanias
2113 2849 2263 2892 cum
2305 2829 2509 2893 fratre

1016 2931 1282 2994 seniore
1316 2931 1534 2994 Cnaeo
1571 2930 1906 3014 profectus
1950 2930 2320 3016 universam
2365 2954 2511 2995 eam

1014 3034 1361 3116 regionem
1403 3046 1676 3115 propter
1712 3046 2009 3119 veterem
2048 3034 2260 3116 gentis
2297 3032 2366 3095 in
2400 3056 2512 3118 pa-

1014 3133 1560 3216 tremadfectum
1602 3133 1799 3198 facile
1832 3135 1900 3195 in
1934 3155 2267 3198 armorum
2303 3136 2513 3199 socie-

1016 3248 1218 3299 tatem
1265 3235 1618 3318 pertraxit,
1672 3235 1792 3298 sed
1845 3236 2052 3301 victus
2104 3260 2140 3300 a
2187 3240 2237 3302 1.
2286 3239 2516 3301 Caesa-

1011 3359 1089 3401 re
1161 3336 1243 3399 ad
1306 3334 1615 3397 Mundam
1677 3338 1764 3404 V.
1811 3336 1884 3401 C.
1945 3357 2105 3420 7oq,
2187 3359 2511 3424 caesoque

1014 3440 1216 3501 fratre
1256 3439 1475 3500 Cnaeo
1507 3437 1635 3520 jam
1669 3457 1836 3498 unns
1879 3453 2211 3520 superstes
2243 3439 2510 3503 latebris

1014 3539 1413 3624 aliquamdiu
1484 3540 1758 3601 salutem
1829 3540 2013 3605 texit.
2094 3540 2508 3605 Confirmatis

1010 3640 1273 3705 interim
1319 3640 1609 3724 partibus
1653 3640 1921 3724 prodire
1966 3662 2195 3720 ausus,
2252 3657 2320 3705 et
2361 3665 2507 3707 sese

1013 3742 1404 3826 Pompeium
1449 3743 1782 3826 profiteri,
1838 3742 2235 3826 interempto
2285 3745 2508 3828 paullo

1015 3858 1166 3927 post
1201 3845 1480 3908 Caesare
1520 3845 1585 3906 in
1615 3844 1796 3907 -bona
1831 3842 2024 3907 etiam
2064 3858 2334 3928 paterna
2368 3867 2510 3909 suc-

1013 3946 1248 4024 cessit,
1292 3959 1361 4010 et
1402 3946 1882 4031 praefecturam
1925 3946 2182 4025 classis,
2235 3960 2306 4009 et
2343 3969 2505 4011 orae

1004 4048 1371 4113 maritimae
1431 4048 1834 4114 decernente
1910 4062 2169 4139 senatu·
2210 4049 2507 4129 abstulit,

1011 4172 1160 4215 cum
1194 4165 1473 4236 repente
1508 4153 1951 4237 proscriptum
1987 4173 2057 4216 se
2093 4151 2245 4236 lege
2278 4153 2503 4230 Pedia,

1011 4268 1313 4340 tanquam
1394 4252 1693 4319 conscius
1774 4253 1992 4317 caedis
2040 4254 2501 4319 .Caesarianae

1008 4355 1275 4433 fuisset,
1339 4356 1688 4420 intellexit.
1779 4360 1949 4418 Tum
2006 4376 2170 4422 vero
2231 4356 2313 4420 ad
2370 4356 2508 4423 vim

1012 4478 1401 4535 conversus,
1439 4460 1697 4545 Sicilia,
1730 4480 1919 4542 quam
1948 4472 2277 4534 tenuerat,
2315 4480 2500 4541 prae-

1010 4558 1191 4622 sidiis
1279 4560 1558 4636 munita,
1659 4559 2078 4644 receptisque
2162 4562 2495 4645 plurimis,

1084 4754 1145 4823 a)
1183 4750 1253 4808 In
1290 4750 1472 4806 Bruto
1501 4768 1631 4826 cap.
1653 4759 1769 4815 54..

1814 4754 1819 4759 ’
1889 4749 1960 4824 b)
2000 4752 2064 4807 L.
2094 4751 2196 4813 111.
2231 4771 2294 4828 p.
2323 4773 2401 4813 m.
2438 4766 2570 4828 209.

2609 2743 2791 2808 quos
2846 2723 3110 2789 fortuna
3166 2724 3632 2810 proscriptioni
3689 2722 3962 2809 eripuit,
4022 2746 4124 2788 us·

2626 2848 2754 2912 que
2796 2847 2878 2890 eo
2921 2828 3123 2890 maria
3162 2828 3370 2890 classe
3402 2826 3639 2891 infesta
3672 2826 4000 2905 reddidit,
4053 2840 4126 2888 ut
4197 2906 4203 2921 ω

2624 2942 2904 3012 urgente
2941 2930 3185 2992 urbem
3212 2929 3384 2992 fame
3419 2928 3772 3007 Antonius,
3823 2943 3896 2993 et
3929 2929 4124 2993 Octa-

2622 3030 2847 3095 vianus
2896 3031 2978 3099 V.
3018 3032 3089 3096 C.
3137 3034 3262 3112 715
3310 3033 3486 3114 pacis
3543 3051 3691 3098 cum
3759 3052 3842 3095 eo
3896 3032 4117 3095 condi-

2626 3130 2840 3194 tiones
2913 3131 3081 3196 inire
3158 3146 3592 3216 cogerentur,
3670 3155 3797 3218 qua
3858 3133 4118 3210 sicilia,

2629 3233 2960 3310 Sardinia,
3022 3235 3320 3313 Corsica,
3377 3250 3451 3299 et
3503 3234 3749 3300 Achaia
3801 3236 3943 3319 ejus
3997 3235 4116 3296 im·

2575 3322 2594 3330 ⁸
2625 3335 2815 3419 perio
2885 3334 3417 3427 subjiciebantur.
3516 3337 3711 3400 Anno
3798 3348 4115 3420 sequente

2625 3451 2816 3522 rupta
2875 3437 3112 3501 iterum
3166 3460 3328 3523 pax,
3401 3439 3706 3524 victoque
3771 3439 4117 3522 aliquoties

2625 3540 2787 3603 mari
2833 3538 3192 3606 Octaviano
3246 3540 3522 3605 ducibus
3577 3546 3805 3618 Mena,
3865 3555 3936 3605 et
3977 3545 4118 3604 Me·

2621 3657 2890 3707 necrate
2951 3642 3207 3706 libertis
3260 3643 3580 3727 paternis,
3639 3664 3798 3706 cum
3853 3646 4114 3707 fortuna

2621 3765 2839 3828 neque
2884 3745 2980 3808 uti
3022 3746 3256 3823 sciret,
3317 3766 3529 3829 neqae
3573 3747 3946 3829 per·elatos
3991 3745 4114 3807 im·

2621 3848 2879 3912 modice
2939 3850 3190 3911 animos
3243 3860 3504 3930 posset,
3567 3840 3649 3915 V.
3693 3849 3767 3913 C.
3819 3848 3946 3929 718
4000 3850 4110 3909 111.

2622 3971 2774 4017 non.
2827 3950 3010 4031 Sept.
3065 3948 3146 4012 ab
3195 3948 3552 4015 Octaviano
3595 3950 3808 4016 navali
3857 3951 4110 4033 praelio

2619 4052 2802 4115 fusus
2843 4050 3268 4135 fugatusque,
3333 4064 3401 4114 et
3441 4052 3510 4113 in
3552 4051 3771 4115 Asiam
3813 4044 4109 4136 elapsus,

2616 4153 2798 4239 jussu
2845 4156 2940 4239 M.
2982 4153 3249 4216 Antonii
3298 4154 3473 4237 apud
3522 4154 3854 4219 Midaeum
3903 4156 4109 4236 Phry-

2618 4255 2799 4340 giae,
2847 4269 2921 4318 ut
2952 4254 3163 4319 refert
3193 4255 3356 4332 Dio,
3400 4256 3507 4321 vel
3543 4257 3901 4328 secundum
3936 4258 4113 4321 Stra-

2611 4356 2859 4449 bonem
2888 4353 2953 4439 ¹²)
3002 4371 3071 4421 et
3101 4358 3467 4443 Appianum
3498 4359 3562 4440 ὓ)
3602 4359 3776 4442 apud
3809 4358 4122 4441 Miletum¹
4215 4432 4226 4437 ,

2614 4462 2867 4528 occisas
2901 4475 3000 4525 est
3031 4462 3112 4529 V.
3141 4461 3212 4524 C.
3246 4480 3391 4543 7¹9·
3421 4461 3807 4529 ,consulibus
3835 4461 3914 4526 1..
3950 4462 4113 4525 Cor·

2609 4562 2900 4641 nuficio,
2944 4578 3012 4627 et
3071 4565 3224 4630 Sex.-
3253 4564 3574 4647 Pompeio
3616 4564 3773 4629 Sex.
3818 4564 3929 4639 F..
3993 4562 4108 4647 qui

2713 4759 2778 4830 c)
2815 4753 2962 4833 Bell.
2995 4757 3104 4814 civ.
3135 4756 3201 4815 L.
3227 4756 3300 4817 V.
3336 4774 3386 4812 c.
3422 4764 3541 4817 144-
