4509 5584
966 4775 990 4788 “
1078 4773 1236 4836 XIV.
1265 4794 1325 4834 n.
1351 4786 1440 4840 37.
1470 4782 1558 4839 58.

1039 558 1132 642 80·

976 697 993 707 ‚
1043 720 1244 790 crum
1266 721 1574 788 Caesaris
1601 720 1669 784 d.
1702 716 1990 795 hastam,
2022 739 2081 780 s.
2099 720 2537 801 parazonium

1048 829 1356 893 tenentis.
1400 822 1541 885 AR.
1580 823 1779 903 (Mus.
1817 821 2036 901 Caes.)

1170 925 1467 1010 Respicit
1495 939 1683 1008 typus
1710 922 1811 998 id,
1849 921 2025 1005 quod
2052 935 2273 986 narrat
2300 919 2540 1023 Appia-

1046 1053 1172 1095 nus
1223 1035 1317 1111 ⁸),
1382 1026 1643 1090 Caesari
1689 1045 1772 1086 ex
1811 1023 1992 1087 bello
2045 1023 2271 1087 Siculo
2312 1024 2541 1090 adver-

1047 1156 1162 1199 sus
1187 1129 1574 1214 Pompeium
1627 1127 1708 1194 V.
1741 1126 1812 1188 C.
1860 1128 1990 1207 718
2028 1125 2260 1189 reduci
2315 1125 2548 1189 decre-

1048 1249 1190 1298 tum
1224 1253 1381 1295 esse
1410 1231 1586 1291 inter
1625 1228 1786 1305 alia,
1829 1240 1901 1289 ut
1936 1248 2134 1290 aurea
2167 1227 2308 1311 ejus
2341 1241 2546 1291 statua

1052 1336 1281 1401 habitu
1318 1330 1728 1415 triumphali,
1777 1351 1906 1416 quo
1938 1330 2171 1392 urbem
2205 1328 2543 1413 ingressus

1047 1452 1185 1515 est,
1229 1437 1297 1498 in
1343 1435 1491 1497 soro
1537 1438 1898 1518 poneretur
1940 1430 2166 1494 adfixis
2200 1433 2540 1495 columnae

980 1522 989 1533 ”
1045 1541 1307 1604 navium
1336 1536 1603 1612 rostris,
1647 1535 1998 1619 inscripto:
2048 1534 2191 1599 ΟΒ.
2218 1534 2546 1600 PACEM.

1045 1642 1229 1710 DIV.
1302 1638 1821 1706 TVRBA'PAM.
1897 1636 2225 1701 TERRA.
2297 1637 2549 1698 MARI-

1050 1744 1264 1839 QVE.
1290 1740 1897 1806 RESTI'PVTAM.
1927 1738 2076 1801 Huc
2106 1735 2356 1801 adludit
2388 1758 2550 1822 quo-

1052 1865 1181 1930 que
1216 1841 1558 1924 Virgilius,
1589 1863 1734 1905 cum
1764 1841 1940 1904 inter
1967 1841 2303 1924 praeclara
2325 1840 2550 1924 Augu·

1054 1947 1140 2009 sti
1182 1957 1600 2008 monumenta
1637 1954 2107 2006 commemorat
2141 1950 2401 2026 quoque
2437 1962 2554 2005 na-

1052 2049 1198 2114 vali
1225 2057 1573 2127 surgentes
1612 2065 1759 2106 aere
1792 2044 2137 2106 columnas
2171 2041 2236 2124 l³)
2258 2088 2276 2120 ,
2311 2043 2552 2107 adden·

1051 2162 1122 2213 te
1175 2147 1441 2211 Servioz
1511 2138 1885 2227 Augustus.
1917 2147 2129 2208 vietor
2168 2149 2380 2210 totius
2412 2146 2551 2208 Ae·

1047 2252 1268 2337 ngii,
1305 2267 1500 2329 quam
1541 2247 1790 2309 Caesar
1819 2265 1944 2326 pro
1970 2256 2168 2326 parte
2204 2267 2551 2329 superave-

1055 2366 1205 2428 rat,
1255 2351 1469 2413 multa
1522 2348 1604 2408 de
1655 2347 1886 2408 navali
1927 2351 2286 2409 certamine
2327 2363 2545 2419 sustu-

1052 2457 1142 2518 lit
1176 2466 1418 2527 rostra,
1462 2449 1699 2529 quibus
1733 2448 2045 2532 conflatis
2078 2462 2367 2527 quatuor
2399 2451 2549 2537 effe-

1059 2561 1155 2619 cit
1180 2556 1561 2626 columnas,
1604 2568 1775 2630 quae
1797 2563 2034 2629 postea
2067 2566 2110 2610 a
2151 2552 2546 2615 Domitiano

1055 2661 1131 2721 in
1159 2655 1492 2737 Capitolio
1520 2662 1679 2713 sunt
1712 2651 1976 2725 locatae
2008 2684 2038 2699 -
2067 2684 2096 2700 -
2126 2684 2156 2701 ·
2188 2653 2552 2717 Rosci-atas

1070 2759 1142 2822 C.
1176 2756 1486 2820 Duillius
1516 2772 1647 2814 cos.
1678 2756 1908 2833 posuit
1939 2756 2137 2833 victis
2170 2758 2408 2817 Poenis
2443 2776 2558 2817 na-

1056 2861 1203 2922 vali
1236 2858 1599 2920 certamine
1623 2866 1747 2916 etc.
1794 2854 2178 2919 Columnam
2211 2868 2558 2919 rostratam

1063 2960 1446 3023 imminente
1491 2969 1696 3018 statua
1753 2955 1953 3019 habes
2013 2957 2209 3021 etiam
2250 2958 2320 3021 in
2364 2958 2560 3022 clena-

1060 3064 1193 3126 riis⁴
1219 3058 1637 3144 Vespasiani,
1683 3070 1750 3121 et
1777 3057 2086 3125 filiorum.

1591 3205 1630 3242 {e
1799 3158 1837 3197 ι
2009 3208 2061 3246 *-

1341 3265 1655 3328 Victoria
1675 3283 1922 3346 prorae
1964 3264 2158 3326 navis
2187 3264 2530 3328 insistens.

1067 3366 1249 3432 mP.
1284 3364 1649 3426 CAESAR.
1704 3363 2076 3444 Imperator
2106 3366 2180 3425 in
2213 3366 2562 3445 quadrigis

1070 3466 1602 3549 triumphalibus
1675 3467 1741 3526 d.
1797 3485 2057 3527 ramum
2130 3466 2337 3531 lauri.
2411 3465 2557 3531 AB.

1070 3570 1272 3652 (Mus.
1308 3567 1529 3648 Caes.)
1702 3636 1705 3645 ,

1196 3668 1324 3732 Hic
1364 3666 1667 3731 denarius
1711 3665 2017 3731 victorias
2051 3665 2393 3731 Octaviani
2433 3690 2565 3732 ma-

1069 3771 1355 3847 ritimas,
1418 3783 1726 3853 actosque
1779 3765 1864 3830 ob
1908 3768 2024 3830 has
2065 3768 2431 3853 triumphos
2471 3784 2567 3833 te-

1061 3886 1298 3936 statur.
1343 3871 1634 3935 Auctore
1671 3867 1987 3933 Suetonio
2035 3870 2105 3951 0)
2148 3874 2412 3935 curules
2450 3876 2569 3936 tri..

1072 3976 1349 4050 amphos
1391 3987 1526 4035 tres
1553 3975 1728 4054 egit,
1769 3972 2271 4049 Dalmaticum,
2331 3976 2575 4036 Actia·

1075 4097 1248 4153 cum,
1276 4075 1845 4149 Alexandrinum.
1881 4076 2026 4157 Ipse
2052 4072 2121 4135 ia
2143 4096 2342 4138 curru
2374 4074 2577 4137 subli-

1077 4180 1200 4241 mis
1227 4177 1498 4240 dextera
1545 4175 1715 4237 lauri
1757 4197 2008 4239 ramum
2053 4189 2267 4254 tenet,
2313 4177 2396 4240 de
2442 4197 2573 4261 quo

1075 4278 1327 4341 Plinius
1372 4282 1473 4359 d):
1555 4279 1670 4339 Ex:
1713 4298 1794 4340 ea
1852 4277 2053 4358 (lauri
2099 4279 2292 4361 silva)
2343 4283 2577 4343 trium-

1068 4384 1286 4463 phans
1309 4390 1547 4460 postea
1576 4380 1825 4442 Caesar
1854 4378 2120 4443 lauru'm
2150 4383 2224 4443 in
2253 4401 2459 4455 manu,
2483 4394 2577 4444 te·

978 4494 985 4499 '
1079 4485 1268 4557 nuit,
1301 4499 1741 4558 coronamque
1770 4484 1989 4560 capite
2011 4485 2245 4574 gessit.

1040 4750 1046 4755 ¹
1122 4688 1215 4765 ἐι)
1257 4686 1321 4742 Β.
1353 4684 1421 4741 C.
1446 4684 1511 4741 L.
1531 4682 1606 4744 V.
1645 4702 1698 4743 c.
1729 4697 1850 4749 150.
1998 4685 2071 4758 b)
2113 4685 2331 4762 Georg.
2359 4687 2466 4747 111.
2495 4702 2584 4762 29.

2254 543 2911 625 AVGVSTVS.

3164 766 3204 806 ἦ
3374 721 3413 758 *
3580 768 3619 805 ὓ

2938 821 3158 905 Caput
3197 823 3503 887 Caesaris
3531 824 3799 888 nudum.

2651 923 2831 989 IMP.
2876 921 3242 990 CAESAR.
3289 925 3644 1008 Tropaeum
3685 924 3947 988 navale.
3982 921 4127 990 AV.

2653 1026 2796 1087 AR.
2838 1028 3038 1110 (Rus.
3077 1027 3292 1106 Caes.)
3775 1090 3782 1097 ἡ

2937 1129 3115 1193 ῙΜΡ.
3161 1127 3527 1192 CAESAR.
3600 1126 3809 1192 Navis
3848 1145 4143 1210 expanso
4189 1220 4203 1228 ⁸

2942 1230 3111 1293 vela.

2623 1323 2863 1398 'DIVL
2894 1331 2971 1393 F.
3039 1334 3347 1393 Victoria
3397 1352 3671 1394 currens
3716 1333 3776 1395 d.
3818 1331 4154 1406 lauream,

2656 1453 2712 1495 s.
2749 1433 3278 1513 gubernaculum
3301 1476 3318 1507 ‚
3370 1443 3525 1493 ante
3561 1453 3706 1493 eam
3735 1434 4002 1512 palmae
4039 1452 4146 1493 ra-

2625 1554 2814 1595 .mus
2867 1536 3057 1596 lzu'mi
3109 1530 3390 1615 defc'xus.
3446 1530 3643 1625 Quin.
3692 1531 3995 1618 (Morelli
4034 1532 4158 1596 Fa-

2660 1632 2801 1699 mil.
2838 1633 2998 1697 Iulia
3028 1632 3159 1700 tab.
3195 1635 3291 1717 8.)

2787 1735 2882 1800 Hi
2906 1735 3117 1800 adhuc
3144 1736 3326 1800 numi
3355 1734 3783 1805 victoriarum
3806 1735 4156 1801 maritima-

2660 1857 2810 1901 rum
2852 1859 3237 1924 praecones.

3181 2055 3232 2093 *
3388 2007 3427 2047 ι
3595 2054 3636 2094 ἦ

2945 2146 3159 2224 Caput
3198 2145 3506 2209 Caesaris
3530 2148 3800 2209 nudum.

2660 2246 2837 2310 IMP.
2870 2245 3235 2311 CAESAR.
3272 2250 3664 2328 inscriptum
3703 2248 4015 2331 epistylio
4050 2268 4162 2309 ard
4207 2298 4218 2303 -

2660 2370 2780 2411 cus
2822 2349 3284 2431 triumphalis,
3358 2369 3560 2430 supra
3602 2367 3793 2427 quem
3848 2352 4159 2412 Caesaris

2661 2462 2895 2512 statua
2929 2452 3002 2511 in
3042 2451 3392 2532 quadrigis
3423 2450 3964 2534 triumplialibus:
4008 2450 4153 2514 AR.

2665 2553 2870 2634 (Mus.
2911 2548 3130 2631 Caes.)
3850 2612 3854 2616 .

2945 2649 3016 2712 C.
3068 2650 3437 2717 CAESAR.
3546 2653 3763 2735 Caput
3835 2655 4161 2717 muliebre

2956 2753 3251 2814 velatum
3284 2774 3431 2816 cum
3468 2757 3714 2820 modia.

2671 2853 2849 2917 ι-ΜΡ,
2886 2852 3264 2918 CAESAR..
3302 2855 3490 2916 Idem
3528 2867 3754 2939 typus.
3808 2838 3952 2921 ΑΒ.
3988 2857 4164 2939 (Μο-

2669 2954 2882 3038 relli.)

2798 3055 3142 3120 Existimat
3177 3058 3704 3142 Havereampus,
3741 3057 4014 3122 anticam
4050 3081 4166 3122 nu-

2674 3159 2765 3225 mi
2792 3159 3180 3243 posterioris
3216 3161 3550 3242 pertinere
3589 3162 3665 3224 ad
3705 3161 3776 3223 C.
3816 3164 4167 3224 Caesarem

2673 3262 3008 3346 Agrippae
3041 3261 3155 3336 F.‚
3218 3261 3535 3342 signatum
3571 3262 3736 3324 adeo
3784 3263 3868 3331 V.
3898 3264 3972 3326 C.
4003 3274 4166 3344 747.

2674 3367 2930 3434 Verum
2961 3383 3108 3425 cum
3143 3360 3482 3446 inscriptio
3513 3383 3778 3427 aversae
3808 3363 4040 3428 eadem
4061 3365 4167 3441 sit,

2676 3487 2844 3551 quae
2906 3463 2974 3525 in
3032 3464 3247 3526 numis
3305 3464 3449 3527 aliis
3513 3465 3701 3548 hujus
3764 3464 4026 3545 aetatis,
4098 3480 4172 3532 et

2677 3580 2868 3650 typus
2922 3585 3188 3628 aversae
3244 3564 3420 3627 idem
3488 3587 3637 3630 cum
3693 3582 3852 3651 typo
3915 3569 4170 3633 denarii

2677 3666 3165 3754 praecedentis,
3228 3667 3340 3750 qui
3381 3669 3723 3733 manifeste
3755 3672 3838 3734 ad
3867 3672 4031 3735 hanc
4063 3692 4171 3735 ae-

2679 3784 2878 3833 tatem
2924 3767 3245 3852 pertinet,
3295 3766 3467 3831 haud
3512 3771 3709 3835 dubie
3751 3773 3858 3859 hic
3904 3795 4168 3859 quoque

2679 3873 2834 3936 huic
2871 3891 3034 3934 aevo
3067 3866 3368 3935 debetur.
3448 3874 3618 3937 Sane
3652 3888 3718 3938 et
3754 3889 3982 3939 nostro
4012 3878 4174 3940 Cae-

2689 3976 2818 4039 sari
2866 3990 3267 4058 praenomen
3321 3977 3474 4037 Caii
3511 3977 3670 4054 fuit,
3729 3989 3799 4039 et
3842 3979 4033 4041 Caius
4078 3978 4174 4045 di-

2690 4077 2860 4142 citur
2919 4073 2987 4135 in
3048 4094 3247 4136 numo
3303 4077 3494 4140 altius
3555 4077 3928 4162 descripto,
3987 4093 4055 4142 et
4101 4080 4174 4141 in

2689 4181 2819 4242 alio
2864 4182 3076 4264 gentis
3122 4181 3452 4246 Caniniae.
3528 4178 3727 4271 Quod
3769 4200 3934 4245 vcro
3977 4180 4178 4242 utrin-

2690 4302 2817 4366 que
2852 4284 3147 4346 Caesaris
3181 4303 3423 4346 nomen
3460 4281 3816 4364 repetitur,
3860 4282 4024 4344 nihil
4063 4281 4178 4345 ob·

2690 4396 2829 4457 est3
2873 4406 3019 4447 nam
3050 4385 3241 4475 etiam
3273 4385 3341 4446 in
3377 4404 3576 4446 numo
3611 4384 3914 4445 Morellii-
3936 4388 3993 4466 e)
4026 4385 4178 4449 hinc

2689 4485 3034 4549 scribitur:
3097 4487 3463 4555 CAESAR.
3529 4487 3739 4555 D1V1.
3826 4486 3904 4551 F.
3961 4486 4175 4553 illinet

2731 4692 2820 4763 c)'
2838 4692 2990 4770 Cap.
3014 4705 3108 4755 22.
3254 4693 3324 4769 d)
3361 4694 3431 4752 L.
3449 4693 3573 4761 XV.
3613 4696 3661 4768 §.
3684 4703 3783 4758 40.
3923 4696 4008 4770 e).
4025 4697 4177 4755 Tab.
