4509 5584
981 577 1122 645 m
2067 574 3043 662 PRAEFATIO.

1000 754 1668 841 nundinandum
1706 780 1879 837 non
1935 752 2473 857 necessaria,
2537 752 2995 836 eruditioni
3033 751 3288 834 etiam
3337 754 3668 836 inutilck
3706 768 3976 859 esset,
4037 772 4126 839 σε

1008 893 1880 1007 πανηιίςηιαεοςναρήία
1922 895 2280 977 nonnisi
2325 893 2449 979 acl
2484 891 3032 977 venderadum
3081 899 3475 975 instincta
3530 882 3779 978 esset.
3862 900 4126 981 Acce-

1011 1040 1221 1126 dunt
1271 1035 1617 1123 Ioannes
1661 1036 2130 1122 Harduinus
2176 1038 2310 1122 vir
2361 1038 2631 1152 gravis
2703 1048 2792 1122 et
2839 1046 3160 1145 verax3
3218 1063 3416 1121 cum
3479 1048 3773 1153 sap'ere
3833 1041 4079 1129 libuit
4095 1066 4132 1152 ,-

1007 1179 1355 1265 Carolus
1389 1177 1733 1262 Patinus
1786 1176 1879 1261 in
1940 1175 2215 1261 nurn‘is
2234 1239 2265 1284 ‚
2323 1202 2531 1291 quos
2594 1173 2775 1289 ipse
2841 1174 3052 1260 vidit
3070 1240 3098 1285 ‚
3189 1174 3685 1262 Laurentius
3755 1172 4124 1295 Begeru's

996 1317 1100 1402 in
1137 1314 1573 1401 Thesauro
1614 1312 2345 1429 Brandenburgico
2366 1376 2396 1421 ,
2451 1311 2757 1399 Paulus
2816 1312 3265 1398 Pedrusius
3323 1314 3413 1400 in
3470 1315 3768 1401 Museo
3818 1318 4123 1424 Farne-

1007 1455 1129 1540 sio
1152 1517 1179 1563 ,
1228 1455 1677 1539 ‘Anselmus
1718 1452 2183 1541 Bandurius
2208 1516 2235 1562 ‚
2289 1464 2376 1537 et
2425 1451 2575 1565 qui
2609 1450 2807 1565 ¹ejus
2866 1450 3334 1566 catalogum
3377 1453 3613 1543 auxit
3644 1519 3669 1565 ,
3728 1456 4129 1568 Hierony.

1007 1620 1194 1676 mus
1237 1590 1644 1675 Taninius
1666 1654 1696 1699 ‚
1752 1590 2269 1677 Christianus
2313 1586 2569 1674 Liebe
2635 1588 2726 1673 in
2777 1587 3057 1675 Gotha
3123 1590 3503 1675 numaria
3523 1656 3551 1700 .,
3608 1594 3900 1679 auctor
3923 1595 4127 1678 'Mu-

1010 1730 1135 1815 sei
1189 1728 1661 1842 Theupoli‚
1738 1729 2112 1815 Thomas
2157 1728 2459 1815 comes
2516 1727 2985 1812 Pembrock
3058 1728 3152 1813 in
3229 1726 3472 1815 editis
3542 1726 4128 1847 insignioribus

1013 1867 1283 1953 musei
1343 1867 1473 1951 sui
1529 1868 1802 1953 numis
1830 1934 1858 1977 ‚
1915 1867 2408 1954 Franciscus
2464 1864 2700 1950 Wise
2743 1864 2864 1950 'in
2922 1863 3219 1952 Museo
3275 1864 3728 1956 Bodleiano
3749 1930 3779 1979 ‚
3838 1881 4132 1954 auctor

1011 2005 1283 2091 musei
1340 2006 1677 2120 reginae
1738 2005 2202 2093 Christinae
2257 2007 2364 2089 ab
2419 2005 2985 2117 Havercampo
3051 2004 3456 2095 illustrati.
3540 2006 3815 2093 Nolim
3888 2006 4132 2091 adfir-

1012 2168 1290 2252 mare,
1348 2144 1439 2230 in
1496 2143 1627 2230 his
1653 2214 1679 2252 ,
1757 2172 1962 2257 quos
2030 2144 2284 2230 modo
2343 2141 2732 2249 recitavi,
2794 2142 3183 2255 catalogis
3241 2170 3414 2229 non
3473 2144 3727 2231 etiam
3787 2145 4130 2260 reperiri

1011 2308 1309 2369 numos
1389 2283 1709 2396 spurios
1724 2346 1754 2388 ‚
1827 2309 2104 2397 neque
2188 2309 2486 2367 eorum
2544 2292 2925 2366 auctores
2991 2278 3305 2394 aliquid
3382 2281 3728 2368 humani
3800 2304 4078 2399 passos
4104 2345 4132 2389 ‚

1010 2446 1208 2505 cum
1276 2420 1455 2534 ipse
1511 2449 1682 2505 non
1748 2420 2010 2509 semel
2075 2434 2415 2505 coactus
2463 2417 2771 2504 fuerim
2790 2482 2820 2527 ‚
2865 2419 3464 2507 nonnullorum
3525 2423 3778 2507 fidem
3839 2414 3950 2507 in⁸
3984 2420 4134 2504 du·-

1009 2555 1249 2647 bium
1314 2586 1638 2676 vocare.
1708 2559 1933 2645 Istud
1994 2572 2282 2645 tamen
2341 2570 2666 2645 certum
2683 2622 2711 2665 .,
2792 2556 2885 2641 i'n
2899 2602 2916 2615 -
2943 2558 3434 2679 stabilienda
3490 2560 3726 2645 numi
3782 2557 4138 2675 antiqui-

1011 2708 1188 2781 tate
1234 2691 1500 2783 rarius
1561 2699 1818 2784 fiiisse
1874 2699 2144 2812 lapsos
2173 2762 2205 2808 ,
2269 2697 2425 2783 etsi
2481 2690 2998 2811 frequentius
3054 2695 3146 2781 in
3197 2696 3622 2784 recitanda
3679 2726 4132 2786 numorum

1012 2835 1467 2950 epigraphe
1494 2901 1524 2946 ‚
1598 2851 1744 2923 aut
1786 2836 2354 2923 describendis·
2391 2836 2608 2949 typis
2645 2899 2673 2942 ‚
2730 2832 3181 2949 'praecipue
3239 2862 3437 2921 cum
3494 2837 3771 2924 minus
3833 2828 4134 2950 integri

1012 2972 1251 3058 fuere
1269 3036 1297 3081 ‚
1383 2976 1930 3088 peccaverint.
2032 2973 2168 3059 Ex
2255 2974 2648 3088 catalogis
2701 2986 3091 3060 monetae
3139 2977 3618 3088 Augusteae
3698 2976 4138 3090 hucusque

1018 3111 1374 3225 vulgatis
1436 3112 1663 3199 haud
1721 3113 1975 3197 dubie
2045 3111 2595 3227 amplissimus
2659 3111 2730 3196 is
2787 3126 2915 3197 est
2934 3174 2962 3218 ‚
3043 3110 3220 3228 qui‘
3257 3140 3555 3198 numos
3620 3118 3885 3199 musei
3935 3115 4145 3198 Cae-

1008 3250 1230 3331 sarei
1257 3248 1910 3336 vindobonensis
1959 3249 2562 3364 complectitur,
2619 3248 2712 3332 in
2755 3266 2923 3363 quo
2974 3248 3295 3335 edendo
3338 3280 3676 3336 omnem
3712 3251 3902 3338 dedi
3948 3281 4143 3365 ope-

1022 3401 1203 3468 ram
1228 3449 1255 3495 ,
1306 3400 1404 3471 ut
1436 3386 1729 3474 lectori
1765 3388 2093 3475 nonnisi
2127 3414 2494 3473 mercem
2535 3387 2945 3475 sinceram
2993 3389 3376 3472 offerrem
3399 3452 3426 3498 ,
3483 3416 3587 3473 ac
3622 3390 3914 3475 sedulo
3964 3419 4143 3475 mo-

950 3616 963 3619 ,
1024 3551 1312 3609 nerem
1338 3588 1366 3634 ‚
1425 3526 1496 3609 si
1555 3524 1703 3640 qui
1741 3526 1977 3612 numi
2037 3539 2185 3612 aut
2242 3523 2556 3610 fraudis
2616 3523 2920 3611 veteris
2939 3559 2998 3633 ‚·
3044 3536 3194 3610 aut
3242 3525 3624 3613 noviciae
3684 3528 4136 3644 ignominia

1027 3663 1291 3749 notati
1328 3679 1543 3787 sunt.
1600 3665 2012 3752 Enarravi
2047 3665 2450 3750 hactenus
2491 3690 2740 3778 opera
2762 3724 2790 3770 ‚
2851 3691 3069 3778 quae
3098 3676 3244 3749 aut
3283 3693 3571 3751 omnes
3592 3730 3620 3774 ‚
3677 3680 3825 3755 aut
3857 3666 4136 3780 plures

1026 3798 1275 3912 hujus
1326 3816 1714 3889 monetae
1764 3804 2066 3890 classes
2125 3802 2573 3889 continent.
2633 3806 2744 3886 At
2783 3813 2982 3887 sunt
3031 3815 3456 3914 praeterea
3476 3864 3500 3912 ‚
3565 3833 3780 3918 quae
3827 3819 4144 3891 certam

1030 3953 1360 4029 tantum
1412 3943 1757 4028 classem
1816 3943 2114 4029 sistunt
2131 4005 2159 4051 ‚
2240 3971 2341 4027 ac
2397 3939 2846 4056 praecipue
2887 3967 3336 4027 numorum
3377 3944 3721 4027 maximi
3776 3941 4145 4048 moduli,

1031 4080 1252 4167 inter
1288 4109 1534 4195 ‚quae
1591 4080 2158 4170 commendari
2202 4094 2635 4169 merentur
2688 4070 3189 4165 numismata
3242 4079 3493 4197 hujus
3543 4076 3820 4167 classis
3843 4145 3871 4190 ‚
3930 4109 4145 4195 quae

1010 4219 1271 4308 -fuere
1296 4222 1403 4330 ‚in
1440 4252 1736 4309 museo
1778 4220 2214 4309 cardinalis
2254 4224 2689 4335 Carpegna
2721 4247 2773 4301 a
2807 4216 3184 4332 Philippo
3226 4220 3743 4306 Buonarroto
3791 4219 4148 4304 immen-

1040 4374 1205 4443 sae'
1254 4361 1732 4448 eruditionis
1788 4360 1967 4447 viro
2043 4360 2449 4474 explicata
2475 4424 2502 4470 ‚
2595 4355 3032 4467 cardinalis
3086 4358 3388 4443 Albani
3445 4336 3568 4442 in·
3604 4352 3882 4443 lucem
3952 4357 4144 4447 data

1040 4523 1088 4576 a
1131 4494 1647 4612 Rudolphino
1696 4499 1996 4587 Venuti
2013 4562 2041 4606 ‚
2083 4499 2352 4583 musei
2383 4496 2661 4611 Pisani
2708 4494 2813 4578 ab
2848 4492 3186 4581 Alberto
3221 4494 3740 4582 Mazzoleno.
3801 4496 4146 4582 Cautius

1041 4633 1432 4722 adhibeto
1479 4639 1978 4724 numismata
2021 4637 2341 4722 moduli
2379 4634 2726 4720 maximi
2763 4661 2869 4718 ex
2912 4633 3470 4735 cimeliarchio
3520 4636 3552 4720 l
3587 4632 3921 4721 udovici
3947 4632 4149 4719 XlV.

1051 4773 1350 4859 tabulis
1387 4777 1577 4865 XLI.
1618 4775 2015 4886 exhibita,
2075 4804 2429 4891 quorum
2470 4787 2795 4890 partem
2835 4775 3107 4865 fusam
3125 4826 3150 4865 ³
3211 4788 3297 4861 et
3333 4774 3908 4882 adulterinam,
3973 4798 4160 4887 par-
