4509 5584
2371 480 2732 558 L-INVIA.

2243 771 2872 841 LIVIA.

1030 988 1038 996 ·
1130 944 1323 1014 Livia
1362 943 1656 1010 Drusilla
1701 953 1850 1007 nata
1902 936 1981 1011 V.
2018 938 2092 1008 C.
2141 934 2270 1026 697
2317 950 2504 1024 patre

1000 1050 1199 1121 Livio
1229 1050 1486 1124 Druso,
1539 1045 1685 1132 qui,
1742 1042 1922 1130 quod
1955 1062 2039 1106 ex
2077 1056 2278 1127 gente
2316 1044 2507 1109 Clau-

995 1153 1110 1217 uia
1162 1149 1229 1214 in
1282 1149 1537 1215 Liviam
1592 1147 1931 1232 adoptatus
1986 1158 2117 1223 est,
2186 1145 2507 1209 Claudia·-

1000 1277 1128 1316 nus
1187 1252 1402 1315 dietus
1460 1249 1586 1312 fuit
1631 1250 1712 1329 ⁸).
1791 1248 2007 1331 Nupta
2069 1247 2176 1308 Ti.
2227 1245 2503 1311 Claudio

1000 1354 1255 1417 Neroni
1304 1350 1488 1415 'haud
1553 1350 1759 1412 multo
1825 1362 1975 1433 post
2032 1368 2235 1430 grave
2296 1346 2501 1410 adivit

996 1455 1227 1527 salutis
1282 1475 1357 1518 ac
1412 1453 1822 1516 fortunarum
1877 1449 2253 1514 discrimen.
2333 1450 2498 1511 Nam

990 1557 1307 1634 maritus,
1370 1553 1549 1640 quod
1605 1575 1874 1630 eorum,
1941 1550 2053 1638 qui
2108 1550 2177 1612 in
2232 1550 2501 1634 Campa-

992 1661 1105 1725 nia
1187 1678 1384 1744 agros
1468 1653 1931 1740 perdiderant,
2061 1650 2498 1737 patrocinium

992 1760 1461 1847 profiteretur,
1507 1776 1788 1842 seseque
1829 1755 2066 1819 ducem
2108 1755 2322 1838 palam
2363 1754 2499 1819 fer·

988 1877 1136 1940 ret,
1196 1874 1347 1945 post
1404 1880 1751 1945 oppressas
1812 1857 1893 1920 ab
1955 1855 2317 1921 Octaviano
2369 1878 2497 1941 per

872 2038 883 2049 κ
992 1962 1310 2044 Perusiae
1356 1959 1769 2025 deditionem
1823 1959 1906 2024 L‘.
1949 1950 2220 2022 Antonii
2273 1971 2496 2043 partes

992 2086 1146 2130 cum
1200 2083 1449 2140 uxore,
1512 2076 1583 2125 et
1637 2060 1747 2127 vix
1800 2059 1980 2121 bimo
2035 2057 2175 2122 filio
2221 2059 2508 2153 Tiberio·

989 2166 1357 2252 praecipite
1428 2185 1555 2249 per
1630 2162 1770 2231 avia
1844 2162 1999 2246 fuga
2072 2161 2141 2222 in
2201 2160 2495 2225 Siciliam

990 2267 1203 2335 evasit
1235 2268 1319 2334 V.
1356 2268 1428 2330 C.
1462 2266 1590 2349 27²3
1618 2262 1707 2345 ιἦ).
1763 2261 2098 2327 Permisso
2142 2261 2213 2323 in
2258 2261 2493 2326 urbem

990 2369 1213 2433 reditu
1271 2369 1512 2432 Caesar
1571 2365 1802 2430 Liviae
1870 2362 2207 2428 illecebris
2259 2377 2493 2448 captus

986 2493 1143 2536 eam
1195 2469 1321 2534 sibi
1377 2493 1415 2533 a
1463 2468 1699 2535 marito
1755 2465 2165 2551 impetravit,
2225 2479 2295 2529 et
2337 2466 2498 2530 licet

988 2575 1214 2636 Druso
1276 2571 1610 2654 gravidam
1676 2569 2015 2653 repudiata
2079 2567 2262 2652 prius
2320 2566 2498 2649 Scri·

986 2674 1185 2737 bonia
1231 2671 1418 2734 duxit
1457 2675 1540 2742 V.
1576 2673 1647 2735 C.
1689 2672 1815 2755 716
1859 2673 1942 2754 0).
2004 2671 2169 2734 Eam
2215 2670 2489 2749 Caesar,

980 2775 1205 2860 quoad
1271 2772 1474 2853 vixit,
1548 2772 1856 2851 retinuit,
1933 2772 2333 2857 dilexitque,
2409 2790 2486 2834 ac

983 2873 1292 2958 probavit
1366 2873 1597 2952 unice,
1683 2894 1787 2959 ac·
1839 2885 2350 2959 perseveranter
2393 2869 2485 2955 d).

984 2978 1144 3041 Fuit
1199 2976 1431 3040 marito
1484 2975 1669 3039 annis
1724 2975 1871 3039 fere
1912 2977 2058 3044 XV.
2114 2987 2487 3061 superstes,

982 3080 1284 3162 obiitque
1369 3092 1580 3141 aetate
1666 3090 1963 3142 extrema
2049 3097 2253 3142 annos
2336 3087 2486 3139 nata

985 3182 1347 3249 LXXXVI.
1391 3181 1460 3260 ³⁸³)
1505 3178 1588 3246 V.
1627 3181 1701 3246 C.
1744 3182 1870 3263 782
1919 3184 2004 3262 ο).
2074 3178 2321 3242 Mulier
2360 3175 2487 3239 fuit

984 3303 1260 3366 magnae
1320 3279 1597 3359 mentis,
1666 3300 1742 3344 ac
1800 3279 2097 3355 consilii,
2165 3292 2231 3342 at
2292 3278 2487 3341 simul

982 3382 1308 3468 regnandi
1370 3381 1593 3458 avida,
1670 3403 1868 3465 quem
1929 3382 1999 3443 in
2056 3381 2257 3444 finem
2317 3379 2490 3445 cavit

863 3534 869 3540 -
984 3486 1274 3562 solicite,
1330 3498 1404 3547 ut
1444 3484 1723 3566 Augusti
1764 3483 2295 3548 benevolentiam
2338 3500 2488 3564 per·

2619 942 2917 1008 mandata
2963 940 3388 1030 exsequendo
3437 937 3781 1021 lubenter,
3837 938 4113 1029 ejusque

2619 1067 2819 1131 vagos
2861 1052 3158 1122 ainores,
3212 1058 3516 1129 tanquam
3557 1043 3880 1122 nesciret,
3924 1041 4113 1108 dissi·

2615 1147 2923 1212 mulando
2966 1144 3043 1231 s).
3111 1145 3296 1209 Nihil
3352 1167 3487 1210 non
3543 1145 3718 1229 egit,
3777 1157 3850 1209 ut
3903 1144 4113 1210 filium

2618 1248 2960 1313 Tiberium
3012 1248 3276 1333 imperii
3319 1247 3636 1310 heredem
3691 1244 4113 1331 designaret3

2616 1362 2684 1414 at
2764 1349 3103 1415 obstabant
3181 1348 3575 1426 Marcellus,
3662 1349 3888 1432 Cajus,
3971 1350 4111 1413 Lu·

2613 1452 2789 1530 cius,
2846 1451 3141 1536 Agrippa
3182 1453 3567 1524 Postumus,
3634 1471 3910 1533 quorum
3960 1471 4113 1535 pro·

2610 1535 2798 1636 picra
2831 1570 2956 1638 per
2986 1552 3267 1636 Augusti
3300 1571 3599 1616 sororem
3636 1565 3703 1614 et
3736 1549 3936 1616 filiam
3969 1551 4112 1616 fue·

2610 1673 2688 1716 re
2736 1652 2919 1735 jura,
2976 1674 3255 1739 quorum
3309 1654 3598 1716 omnium
3645 1654 3873 1718 mortis
3917 1644 4111 1739 prae·

2611 1766 2902 1819 maturae
2979 1754 3291 1819 invidiam
3366 1755 3549 1821 Livia
3622 1777 3759 1819 non
3827 1754 4106 1820 obscure

2610 1856 2759 1920 tulit
2801 1857 2887 1938 8).
2968 1854 3191 1947 Quare
3253 1877 3399 1921 eam
3450 1877 3721 1943 gravem
3777 1861 3852 1920 in
3903 1878 4105 1941 remp.

2605 1971 2890 2043 ‘matrem
2913 2000 2933 2035 ,
3000 1962 3384 2039 graviorem
3454 1962 3684 2022 domui
3750 1960 4107 2023 Caesarum

2607 2079 2956 2124 novercam
3007 2058 3168 2123 dixit
3223 2061 3485 2124 Tacitus
3530 2057 3621 2142 11).
3699 2058 4110 2125 Credebam

2609 2161 2805 2225 etiam
2858 2160 3060 2245 ipsius
3108 2164 3387 2247 Augusti
3436 2176 3720 2227 mortem
3769 2163 4107 2227 medicatis

2606 2263 2857 2332 ficubus
2928 2277 3321 2342 maturasse,
3382 2262 3558 2349 quod
3615 2264 3895 2349 suspicio
3948 2264 4103 2342 fuit,
4173 2326 4190 2337 ,

2606 2385 2757 2429 eum
2798 2384 2947 2429 cum
2987 2365 3280 2449 Agrippa
3331 2370 3525 2430 exule
3573 2367 3643 2428 in
3689 2365 3963 2451 gratiam
3997 2385 4106 2430 re·

2605 2464 2890 2529 diturum
2938 2463 3011 2549 i).
3111 2469 3298 2551 Ergo
3378 2483 3655 2554 propter
3735 2461 3850 2532 has
3925 2482 4104 2531 artes

2603 2566 2844 2630 merito
2897 2568 3163 2651 Vlyssis
3218 2571 3460 2632 stolati
3510 2591 3753 2634 nomen
3799 2569 4102 2648 abstulit,

2602 2668 2781 2754 quod
2819 2668 2884 2732 ei
2917 2692 2953 2752 a
2987 2668 3282 2753 Caligula
3316 2671 3589 2734 inditum
3625 2672 3839 2754 refert
3871 2672 4107 2736 Sueto-

2598 2769 2747 2833 nius
2785 2768 2875 2853 k),
2929 2771 3032 2834 Ab
3064 2773 3363 2856 Augusto
3407 2773 3730 2861 supremis
3759 2772 3994 2836 tabulis
4029 2773 4098 2835 in

2601 2886 2868 2957 gentem
2912 2873 3141 2936 Iuliam
3187 2873 3486 2959 adoptata
3539 2890 3689 2960 post
3735 2873 3876 2959 ejus
3925 2894 4100 2937 mor·

2600 2986 2737 3038 tem
2788 2980 3145 3060 Augusta,
3219 2990 3288 3040 et
3347 2978 3530 3041 Iulia
3582 2976 3751 3042 dicta
3804 2984 3932 3054 est,
4007 2976 4093 3040 de

2601 3096 2732 3163 quo
2760 3074 2936 3140 infra
2975 3079 3165 3162 plura
3210 3077 3727 3162 disputabuntur.
3792 3077 3931 3141 Sub
3973 3076 4095 3140 filii

2600 3179 2967 3263 principatu
3020 3181 3224 3243 multa
3272 3178 3616 3244 ambitiose
3664 3200 3739 3244 ac
3785 3200 4096 3265 arrogan-

2599 3292 2707 3343 ter
2740 3281 2918 3365 egit,
2960 3280 3290 3366 rebusque
3336 3304 3408 3346 se
3443 3282 3723 3366 publicis
3758 3283 4095 3366 propalam

2600 3381 2862 3444 miscuit
2890 3383 3259 3448 reluctante
3290 3384 3452 3447 licet
3488 3385 3656 3460 filio,
3699 3383 3816 3447 sed
3849 3384 3931 3448 ad
3963 3385 4096 3448 vim

2598 3483 2927 3562 tardiore,
2993 3486 3297 3569 quoniam
3351 3485 3706 3570 imperium
3749 3486 3939 3550 matri
3981 3485 4101 3551 de-

980 3600 1189 3671 petuo
1242 3599 1698 3663 conservaret,
1757 3584 1933 3671 quod
1982 3596 2336 3648 consecuta
2384 3594 2485 3645 est
2591 3584 2759 3650 buit.
2845 3588 3021 3649 Ausa
3097 3588 3486 3672 aliquando,
3574 3609 3722 3653 cum
3798 3588 4093 3673 effigiem

983 3688 1324 3757 sanctitate
1386 3686 1619 3751 domus
1678 3687 1966 3768 priscum
2041 3685 2123 3749 ad
2192 3705 2482 3762 morem,

982 3804 1053 3854 et
1119 3790 1440 3877 exquisita
1503 3787 1852 3873 pudicitia,
1894 3779 2277 3862 comitate,
2351 3786 2479 3851 viri

1055 4078 1119 4149 a)
1156 4075 1418 4136 Velleius
1450 4074 1516 4132 L.
1537 4075 1610 4132 11.
1646 4084 1807 4137 0575.
1845 4077 2090 4134 Sueton.
2123 4072 2185 4129 in
2212 4071 2349 4132 Tib.
2373 4056 2510 4140 'c.‘5.

978 4168 1053 4226 V.
1079 4187 1130 4225 c.
1164 4181 1213 4228 ι.
1414 4167 1486 4239 d)
1514 4164 1772 4224 sueton.
1809 4164 1870 4223 in
1906 4165 2059 4242 Aug.
2084 4165 2246 4226 c.62.

978 4258 1095 4313 Dio
1123 4255 1199 4314 ΙΙ.
1226 4274 1314 4315 ee.
1400 4262 1407 4271 ‘
1514 4256 1582 4332 g)
1618 4255 1882 4323 TacituS,
1911 4253 2045 4314 Dio.

979 4346 1054 4419 k),
1091 4348 1150 4403 in
1184 4346 1373 4423 Calig.
1405 4358 1566 4410 ολδ.

2438 4167 2513 4236 ve)
2550 4163 2745 4223 Tacit.
2776 4165 2816 4227 1.
2837 4188 2887 4227 c.
2939 4168 3053 4225 Dio
3085 4168 3151 4226 L.
3169 4166 3375 4225 Lv111.
3408 4169 3459 4239 ξ.
3479 4178 3534 4228 2.

2242 4250 2316 4323 h)
2346 4251 2502 4311 Anu.
2528 4254 2573 4312 I.
2596 4267 2683 4318 10.

1763 4344 1817 4418 l)
1855 4345 2045 4402 Tacit.
2074 4343 2227 4401 Ann.
2257 4342 2361 4402 111.
2398 4364 2447 4402 c.
2467 4347 2559 4408 64.

2594 3687 2682 3752 D.
2730 3688 3005 3773 Augusti
3061 3687 3448 3766 dedicaret,
3519 3690 3772 3754 Tiberii
3845 3710 4091 3755 nomen

2595 3810 2716 3853 suo
2774 3789 3221 3877 postscribere
3266 3788 3339 3876 ¹).
3428 3792 3598 3856 Sane
3663 3792 3804 3876 ejus
3865 3791 4085 3856 taedio

2713 4074 2787 4146 b)
2821 4074 3086 4135 Velleius
3119 4074 3158 4135 l.
3181 4096 3246 4133 c:
3274 4077 3409 4134 Dio.
3611 4080 3675 4152 c)
3709 4076 3904 4136 Tacit.
3934 4078 4089 4138 Anu.

3732 4170 3790 4243 s)
3826 4171 4088 4239 Tacitus,

2894 4256 2943 4330 i)
2971 4257 3159 4315 Tacit.
3187 4258 3417 4318 Annii.
3445 4268 3496 4322 5.
3525 4258 3638 4317 Dio
3659 4256 3730 4316 L.
3752 4258 3900 4319 LVI.
3926 4263 3978 4331 ὖ.
3996 4272 4087 4325 30.

1049 4458 1114 4526 ²⁸¹)
1154 4453 1378 4511 Plinius
1418 4452 1614 4510 Liviae
1653 4470 1835 4510 annos
1872 4450 2085 4510 tribuit
2120 4450 2410 4509 duntaxat
2442 4450 2727 4510 LXXXII.
2766 4450 2858 4525 (L.
2877 4451 3031 4511 XIV.
3065 4455 3225 4526 'e.'6.)
3262 4465 3319 4510 at
3358 4473 3491 4511 cum
3525 4473 3599 4511 ex
3637 4453 3922 4515 Suetonio
3959 4455 4084 4513 sere

1127 4553 1359 4599 eertum
1393 4542 1498 4612 sit,
1537 4563 1665 4600 eam
1707 4544 2011 4600 Tiberium
2050 4541 2282 4599 enixam
2319 4560 2522 4597 mense
2561 4541 2889 4600 Novembri
2925 4543 2997 4601 V.
3030 4545 3098 4600 C.
3129 4557 3267 4614 712,
3307 4557 3685 4621 sequeretur,
3728 4565 3882 4603 anno
3919 4545 4081 4604 illam

1124 4631 1330 4688 aetatis
1366 4629 1466 4689 xl.
1503 4634 1601 4689 vix
1639 4633 1935 4711 completo
1973 4630 2244 4709 nupsisse
2282 4629 2559 4699 Tiberio,
2585 4630 2766 4710 ‘quod
2800 4631 3205 4695 Romanorum
3240 4633 3505 4694 moribus
3548 4632 3908 4695 adversatur.
3949 4637 4083 4701 ‘'Ve-
4141 4659 4162 4671 ·

1119 4723 1245 4781 rior
1282 4722 1697 4798 igitur-Diouis
1733 4722 2054 4793 sententia,
2096 4740 2275 4800 quam
2312 4719 2505 4782 citavi.
