4509 5584
1611 548 2286 631 AVGVSTVS.
3037 556 3044 567 '
3414 578 3510 660 93

392 725 631 816 qulbus
685 723 846 791 hinc
907 734 1102 811 eaput
1154 723 1439 810 Augusti
1497 743 1648 790 cum
1674 722 1896 788 ·solita

392 827 801 918 epigraphe,
881 827 1067 893 illinc
1140 826 1278 912 typi
1354 824 1440 891 ad
1482 826 1898 914 Hispaniam

388 933 841 1020 pertinentes,
915 929 1276 1017 epigraphe
1320 942 1466 995 autt
1528 931 1609 998 P.
1656 930 1892 994 cam-

392 1036 610 1107 atvs,
641 1033 887 1112 LEG.,
942 1048 1053 1098 aut
1098 1034 1173 1119 Ρ.
1215 1032 1637 1115 camslVS.
1682 1032 1899 1098 LEG.·

386 1139 719 1207 PROPR.
762 1139 868 1201 Ex
905 1136 1167 1204 diversa
1202 1138 1325 1201 hac
1359 1137 1719 1222 epigraphe
1755 1136 1892 1201 col-

388 1241 542 1327 ligit
602 1243 1095 1325 Havercampus
1138 1242 1239 1318 ⁸),
1296 1256 1561 1316 numos,
1621 1239 1689 1300 iu
1751 1239 1902 1325 qui-.

387 1346 513 1409 bus
557 1354 805 1415 tantum
840 1342 1041 1406 LEG.
1085 1355 1328 1419 exstat,
1371 1343 1658 1427 signatos
1697 1343 1778 1411 V.
1812 1342 1887 1406 C.

386 1466 554 1531 721),
618 1454 750 1532 q'uo
798 1460 1100 1530 tempore
1147 1447 1476 1529 Augustus
1520 1445 1664 1530 ipse
1707 1443 1901 1509 bello·

386 1554 460 1615 in
503 1551 820 1636 Hispania
860 1547 1191 1623 interfuit,
1237 1567 1525 1633 ususque
1568 1560 1672 1611 est
1712 1546 1891 1610 Cari-

390 1655 494 1718 sio
565 1655 825 1736 legato,
895 1658 959 1714 at
1026 1670 1183 1728 eos,
1256 1651 1326 1711 in
1391 1649 1624 1734 quibus
1684 1649 1887 1714 LEG.

390 1754 719 1821 PROPR.
763 1754 1042 1839 legitur,
1086 1773 1436 1837 pereussos
1479 1756 1649 1816 anno
1696 1753 1779 1819 V.
1814 1754 1890 1818 C.

390 1858 552 1943 73¹·
612 1877 777 1941 quo,
837 1868 911 1919 ut
964 1855 1270 1940 conjicit,
1328 1853 1416 1923 ‚ab
1460 1855 1758 1940 Augusto
1802 1855 1892 1918 le-

398 1975 586 2047 gatus
635 1971 1071 2044 propraetore
1116 1959 1187 2021 in
1234 1957 1614 2041 Hispaniam
1659 1955 1890 2019 missus

402 2077 524 2128 est.
583 2061 767 2125 Istud
813 2068 884 2123 ut
925 2080 1115 2125 mere
1169 2059 1586 2125 arbitrarium
1633 2073 1770 2135 est,
1818 2080 1893 2122 ac

397 2165 583 2230 nullo
637 2164 1065 2229 fundamento
1118 2162 1377 2242 nixum,
1444 2161 1533 2224 ita
1590 2180 1678 2225 ex
1734 2161 1893 2244 ipsis

398 2269 613 2332 numia
673 2267 824 2331 falsi
885 2265 1315 2336 convincitur.
1400 2265 1564 2327 Nam
1624 2284 1711 2327 ex
1772 2263 1893 2326 hac

394 2371 551 2455 lege
583 2384 1007 2456 sequeretur,
1032 2387 1313 2432 numum·
1340 2386 1618 2430 aeneum
1649 2387 1727 2430 ea
1755 2366 1894 2451 ipsa

394 2474 617 2539 tabula
658 2470 893 2537 carisii
947 2469 1122 2555 apud
1160 2470 1542 2533 Morellium
1595 2467 1896 2546 citatum,

395 2578 465 2639 in
506 2575 696 2659 cujus
738 2574 946 2639 antica
992 2587 1124 2637 est=
1174 2573 1542 2637 CAESAR.
1575 2569 1894 2640 AVGVS.

400 2678 757 2746 TnfflvN.
832 2674 1251 2752 POTEST„
1327 2674 1397 2736 in
1466 2692 1734 2740 aversa:
1818 2673 1895 2737 P.

388 2780 823 2850 camslVS.
866 2778 1070 2845 LEG.
1115 2776 1546 2855 AVGVs‘m,
1603 2775 1898 2860 aliosque

400 2883 651 2948 similes
681 2906 717 2947 a
738 2881 1057 2946 Florezie
1091 2879 1305 2945 editos
1334 2876 1404 2962 ὃ)
1432 2879 1722 2962 signatos
1745 2877 1903 2941 fuis-

401 3006 476 3050 se
527 2987 613 3055 V.
658 2986 734 3052 C.
780 3003 946 3070 7293
1008 2996 1073 3049 at
1125 2994 1413 3060 constat,
1469 3001 1552 3045 eo
1607 2978 1900 3045 nondum

399 3108 573 3153 anno
615 3087 985 3173 Augustum
1037 3085 1191 3151 trib.
1216 3098 1629 3169 'potestatem
1683 3083 1897 3148 numia

398 3190 846 3276 inscripsisse,
876 3209 1056 3275 quae
1093 3187 1159 3252 ei
1197 3187 1465 3251 biennio
1502 3187 1715 3252 serius
1756 3187 1897 3273 ple-

395 3316 480 3360 ne
525 3293 767 3361 collata
810 3304 935 3357 est.
1005 3292 1190 3377 Ergo
1249 3290 1534 3355 docente
1593 3289 1723 3354 hoc
1781 3312 1900 3354 nu-

394 3414 505 3459 mo
574 3394 746 3459 ratio
817 3394 1040 3479 potius
1111 3395 1373 3459 inversa
1448 3393 1724 3459 valeret.
1808 3394 1899 3457 At

391 3496 699 3562 nolumus
752 3497 1031 3563 nimium
1089 3517 1237 3562 esse
1298 3496 1750 3581 perspicaces,
1819 3516 1895 3561 ac

393 3621 541 3665 cum
584 3600 888 3664 malimus
930 3599 1205 3677 sectari,
1264 3599 1443 3685 quod
1498 3597 1913 3675 verisimile,-

389 3722 581 3786 quam
630 3701 810 3789 quod
852 3701 1262 3787 speciosum,
1315 3701 1764 3779 censebimus,
1817 3702 1884 3763 in

386 3805 683 3892 utrisque
743 3806 1021 3871 eandem
1075 3803 1291 3869 notari
1332 3802 1747 3892 dignitatem,
1817 3817 1887 3869 et

388 3904 592 3974 fuisse
625 3912 712 3971 ei
746 3906 1022 3974 arbitrio
1050 3906 1429 3983 monetarii,
1463 3931 1534 3970 το
1562 3907 1885 3974 PROPR.

388 4007 500 4074 vel
540 4008 830 4090 addere,
885 4011 997 4077 vel
1043 4012 1376 4078 emittere.
1449 4012 1713 4076 Revera
1754 4030 1887 4074 ma·

389 4112 731 4197 gistratus,
806 4113 922 4200 qui
983 4114 1282 4179 Caesaris
1343 4113 1713 4199 provincias
1778 4111 1907 4177 adm

389 4214 877 4294 ministrabant,
935 4217 1067 4301 jam
1124 4216 1328 4281 fuisse
1381 4216 1593 4281 dictos
1649 4215 1891 4302 simpli·

392 4319 565 4385 citer
599 4318 896 4403 legatos,
930 4319 1062 4404 jam
1093 4319 1358 4402 legatos
1384 4320 1728 4403 Augusti,
1765 4319 1896 4404 jam

396 4419 661 4505 leg’atos
696 4415 1163 4504 propraetore,
1218 4420 1375 4487 alibi
1423 4420 1734 4487 adcurate
1781 4421 1898 4486 do·

398 4523 650 4589 οιίιιιιει
680 4525 767 4607 ⁰).
810 4523 1001 4623 Quae
1036 4525 1161 4590 alia
1196 4525 1280 4590 ad
1316 4523 1739 4610 explicandos
1773 4524 1895 4589 hos

401 4754 441 4879 A
468 4733 645 4881 ρέἰιι
684 4732 890 4792 Famil.
928 4712 1327 4811 Carisiapag.
1357 4726 1453 4799 74.
1470 4736 1575 4797 75.

442 4829 467 4896 )
562 4823 642 4883 io.

1818 4733 1888 4807 b)
1932 4733 1988 4788 in
2030 4752 2145 4790 nun

2012 721 2249 787 carisii
2299 741 2535 787 numos
2579 724 2948 811 pertinent,
2994 728 3124 813 jam
3168 734 3506 819 praecepi.

2012 838 2157 891 mus
2188 826 2259 899 in
2290 824 2505 890 numia
2540 826 2735 912 huius
2766 831 3004 917 gentis.

2384 1017 2466 1078 V.
2507 1014 2590 1076 C.-
2612 1013 2741 1096 733
2780 1017 2875 1085 A
2905 1019 2995 1083 Χ.
3030 1036 3135 1086 m.

2132 1133 2267 1198 ΤΗ.
2307 1136 2382 1198 Ρ.
2414 1134 2510 1197 ΙΙ.
2539 1135 2670 1197 III.
2714 1137 2908 1202 COS.
2941 1139 3071 1204 XI.
3111 1140 3384 1207 PONT.

2536 1255 2737 1320 IMP.
2779 1258 2973 1322 VIII.

2103 1373 2184 1457 Q.
2222 1374 2525 1438 Aemilio
2564 1375 2844 1459 Lepido,
2898 1378 2998 1442 M.
3036 1379 3261 1444 Lollio
3297 1403 3430 1447 cos.

2136 1545 2437 1626 Augusto
2485 1543 2606 1606 soh
2652 1544 2801 1607 anni
2845 1547 3207 1631 superioris
3257 1548 3504 1615 exitum
3611 1568 3638 1585 “

2008 1645 2077 1707 in
2110 1645 2360 1729 ⁶Sicilia
2415 1645 2685 1711 absente
2744 1648 3047 1734 ingentes
3095 1653 3347 1719 Romae
3410 1668 3509 1718 tu·

2011 1747 2251 1810 multus
2305 1750 2441 1812 orti
2498 1763 2647 1812 sunt
2704 1749 2789 1814 ob
2844 1751 3188 1817 consulum
3236 1756 3510 1820 electio-

2010 1872 2181 1915 nem.
2261 1852 2448 1936 Ergo
2498 1850 2833 1936 Augustus
2891 1874 3036 1918 cum
3098 1878 3318 1944 neque
3377 1861 3501 1923 soli

2010 1956 2260 2017 Romae
2311 1974 2544 2019 vacare
2579 1969 2845 2039 posset,
2901 1978 3117 2043 neque
3167 1980 3313 2035 eam
3360 1964 3505 2027 siue

2008 2055 2432 2121 moderatore
2489 2058 2910 2143 relinquere,
2989 2062 3352 2150 Agrippam
3425 2088 3510 2131 ex

2011 2157 2294 2223 Oriente
2321 2159 2579 2237 accivit,
2615 2161 2928 2245 jussoque
2957 2164 3308 2249 repudiare
3337 2171 3512 2232 Mar-

2009 2263 2281 2340 cellam,
2320 2283 2681 2349 quanquam
2718 2285 2796 2327 ea
2833 2265 3081 2329 sororis
3119 2289 3274 2343 suae
3313 2271 3512 2336 Octa-

2015 2365 2153 2428 viae
2190 2365 2501 2442 minoris,
2556 2380 2628 2431 et
2670 2368 2742 2434 C.
2788 2369 3092 2432 Marcelli
3123 2370 3257 2436 filia
3291 2387 3504 2450 esset,

2011 2468 2211 2533 filiam
2253 2468 2485 2532 Iuliam
2526 2488 2803 2533 uxorem
2848 2470 3049 2535 dedit.
3108 2474 3272 2557 Ejus
3322 2497 3511 2560 prae·

2014 2570 2221 2634 sentia
2266 2572 2667 2656 compositae
2709 2571 2960 2639 turbae.
2991 2576 3124 2648 ‚Ex
3168 2577 3395 2643 Sicilia
3439 2579 3506 2640 in

2014 2673 2400 2753 Graeciam,
2429 2675 2607 2740 *in‘de
2644 2675 2713 2737 in
2753 2678 3016 2740 Samum
3049 2679 3343 2766 navigat,
3391 2681 3511 2743 ibi·

2014 2794 2146 2861 que
2180 2775 2467 2841 hiemem
2506 2777 2808 2861 transigit
2825 2780 2925 2861 d).

2340 2879 2837 2950 AVGVSTVS.
2890 2883 3099 2951 DIVI.
3146 2882 3224 2945 F.
3293 2886 3508 2969 Caput

2345 2986 2614 3048 nudum.

2012 3082 2257 3151 slclL.
2305 3085 2482 3149 IMP.
2537 3085 2708 3153 Vm.
2772 3086 3009 3148 Diana
3056 3086 3314 3151 stolata
3352 3109 3510 3171 gra-

2012 3189 2202 3251 diens
2248 3190 2314 3253 d.
2358 3187 2566 3251 telum
2617 3206 2707 3251 ex
2746 3188 3072 3270 pharetra,
3105 3192 3398 3274 promit,
3449 3214 3505 3258 s.
3507 3190 3522 3199 “

2016 3310 2271 3355 arcum.
2318 3289 2464 3359 AV.
2500 3289 2726 3373 (Vaill.
2757 3289 3085 3374 Morelli.)

2141 3389 2288 3458 Viri
2332 3392 2571 3457 eruditi
2621 3412 2889 3455 numum
2945 3393 3120 3458 hunc
3176 3397 3508 3479 praesenti

2014 3515 2186 3559 anno
2254 3492 2581 3580 adfigunt,
2652 3496 2956 3580 quoniam
3016 3496 3349 3581 Augustus
3420 3519 3504 3562 eo

2009 3596 2275 3665 labente
2346 3618 2583 3663 revera
2651 3597 2720 3661 in
2785 3588 3008 3663 Sicilia
3068 3615 3507 3665 commoratus

2014 3715 2151 3779 est,
2208 3701 2482 3786 ejusque
2527 3722 2635 3764 ros
2680 3701 3023 3766 ordinavit.
3087 3701 3350 3769 Similes
3395 3727 3508 3767 nu·

2008 3824 2155 3868 mos
2200 3805 2608 3889 complures,
2664 3805 2784 3869 sed
2825 3805 2955 3869 alio
2997 3803 3080 3868 ad
3123 3807 3295 3895 iMP.
3332 3805 3509 3870 addi-

2007 3918 2079 3971 t'o
2123 3890 2402 3972 numero
2445 3909 2512 3969 in
2558 3908 2970 3993 sequentium
3018 3928 3332 3972 annorum
3373 3930 3510 3971 mo·

2009 4023 2159 4072 neta
2202 4011 2635 4097 contemplari
2672 4009 2932 4085 licebit,
2983 4022 3049 4071 et
3091 4009 3328 4074 eodem
3374 4034 3509 4073 mo·

2012 4111 2098 4176 do
2143 4113 2705 4196 alios·inscriptos
2746 4112 2943 4176 Ac'r.
2987 4113 3164 4173 IMP.
3211 4132 3357 4176 cum
3405 4136 3509 4176 va-

2010 4215 2127 4279 riis
2187 4214 2515 4290 numeris,
2574 4222 2641 4278 'et
2701 4226 2857 4298 typo
2917 4213 3245 4297 Apollinis
3307 4216 3502 4279 Actii.

2010 4320 2101 4381 Hi
2158 4318 2408 4383 Dianae
2469 4316 2764 4407 emptae,
2829 4329 2897 4379 et
2947 4302 3275 4399 Apollinis
3334 4320 3504 4383 Accii

2010 4421 2150 4505 typi
2210 4430 2344 4483 non
2401 4419 2543 4484 sine
2604 4439 2794 4483 causa
2848 4439 2973 4503 per
3032 4418 3258 4503 plu'res
3312 4422 3504 4486 etiam

2012 4544 2217 4587 annos
2280 4536 2431 4586 sunt
2485 4521 2791 4608 repetiti3
2862 4542 3008 4584 nam
3069 4522 3330 4610 utrique
3395 4548 3511 4589 nu·

2156 4733 2218 4786 Es·
2260 4730 2571 4788 Emeritae.

2733 4794 2736 4809 Ι
2811 4734 2877 4805 c)
2911 4730 3047 4793 Vol.
3080 4731 3180 4795 IV.
3219 4751 3353 4810 pag.
3383 4744 3511 4802 23¹).
3607 4778 3622 4793 2
