4509 5584
927 1136 933 1143 ,
1017 1073 1242 1151 Illvir,

1007 611 1153 684 104

1009 767 1367 837 ficultatem
1446 761 1831 839 amoliatur,
1912 759 2277 847 suspicatur
2355 779 2506 825 cum

1010 869 1402 947 Vaillantio‚
1467 866 1737 930 biennio
1794 878 1944 949 post
1996 862 2278 950 Augusti
2334 863 2508 927 redi·

1013 989 1153 1041 tum
1197 973 1281 1040 V.
1321 972 1393 1036 C.
1444 954 1635 1053 737,
1692 987 1933 1050 nempe
1981 989 2110 1052 quo
2158 965 2516 1028 Mescinius

1334 1071 1563 1135 Martis
1638 1083 1939 1147 statuam,
2035 1088 2199 1155 quae
2274 1067 2350 1128 in
2414 1066 2516 1128 his

1014 1177 1230 1241 numis
1293 1173 1583 1248 sistitur,
1647 1171 2014 1256 perfectam
2083 1170 2386 1249 demum,
2445 1181 2515 1233 et

1019 1277 1381 1345 dedicatam
1415 1275 1636 1339 fuisse.

1143 1379 1351 1441 Multa
1404 1388 1586 1452 sunt,
1642 1395 1827 1465 ‘quae
1889 1373 1954 1438 in
2018 1372 2328 1439 universo
2386 1371 2516 1437 hoc

992 1481 1366 1553 ‚ratiocinio
1397 1478 1765 1562 displicent.
1825 1476 2147 1553 Primum,
2191 1475 2368 1561 quod
2403 1497 2520 1537 nu-

998 1604 1195 1663 ‚mos,
1241 1604 1404 1668 quos
1449 1593 1722 1665 propter
1762 1577 2249 1661 inscriptionem
2275 1622 2292 1655 ,
2337 1590 2404 1640 et
2432 1588 2529 1659 ty-

1014 1707 1172 1770 pum
1226 1681 1585 1749 verisimile
1647 1694 1749 1744 est
1797 1680 2037 1743 eodem
2085 1702 2254 1745 anuo
2315 1680 2527 1765 signa·

1018 1801 1169 1865 tos,
1223 1785 1417 1849 variis
1482 1781 1663 1847 annis
1725 1781 1986 1845 tribuat.
2078 1782 2150 1845 Si
2199 1803 2351 1847 eum
2405 1781 2516 1845 ab·

1023 1887 1291 1953 sterruit:
1321 1884 1714 1962 Mescinius,
1754 1905 1883 1968 quo
1917 1885 2127 1947 minus
2168 1884 2362 1969 hujus
2394 1876 2516 1947 nti-⁵

1025 2013 1167 2055 mos
1228 1988 1310 2053 ad
1378 2009 1617 2050 annum
1671 1986 1794 2069 730
1846 1986 2163 2066 referret,
2233 2000 2521 2071 praesta-

1024 2093 1173 2169 bat,
1226 2111 1461 2153 numos
1506 2089 1698 2152 etiam
1746 2088 2003 2172 priores
2044 2088 2324 2168 eodem,
2361 2109 2520 2173 ,quo

1024 2192 1330 2257 Mescinii
1362 2213 1616 2269 numos,
1649 2212 1818 2255 anno
1851 2190 2138 2276 signatos
2177 2190 2518 2266 adserere,

1025 2297 1421 2379 illorumque
1492 2308 1769 2357 aetatem
1827 2312 1950 2378 per
1994 2296 2118 2357 hos
2158 2294 2514 2377 explicare.

1025 2400 1197 2465 Mira
1272 2395 1515 2459 deinde
1569 2396 1989 2479 conjectura,
2054 2417 2332 2473 numos,
2405 2393 2517 2478 qui

1025 2514 1181 2564 vota
1238 2496 1387 2562 anni
1428 2501 1555 2579 735
1612 2496 1990 2572 continent,
2049 2495 2317 2560 biennio
2372 2508 2522 2580 post

1025 2623 1062 2665 a
1094 2600 1417 2663 Mescinio
1468 2599 1675 2663 fuisse
1719 2600 2039 2682 signatos,
2102 2599 2250 2686 quia
2293 2601 2522 2661 Martis

1012 2716 1237 2773 statua
1326 2716 1463 2765 tum
1552 2701 1839 2785 primum
1922 2700 2124 2765 fuerit
2205 2696 2520 2764 dedicata.

1027 2808 1179 2869 Non
1234 2805 1531 2867 meminit
1581 2803 1684 2869 vir
1749 2800 2078 2878 eruditus,
2135 2824 2208 2867 se
2253 2824 2523 2866 numum

1030 2908 1249 2993 primo
1279 2908 1432 2970 loco
1465 2904 1743 2990 positum
1767 2950 1785 2983 ,
1825 2905 1893 2967 in
1928 2923 2059 2988 quo
2097 2904 2324 2969 similis
2354 2909 2529 2970 Mar·

1026 3010 1113 3073 tis
1146 3022 1349 3073 statua
1393 3007 1828 3092 conspicitur,
1885 3006 1965 3071 ad
1994 3029 2231 3071 annum
2262 3007 2388 3090 730
2422 3029 2527 3071 re·

1031 3111 1296 3187 tulisse3
1346 3132 1511 3196 ergo
1547 3131 1622 3173 ea
1657 3111 1785 3194 jam
1827 3109 1954 3172 hoc
1998 3131 2167 3174 anno
2193 3111 2527 3194 perfecta,

1032 3230 1101 3280 et
1133 3214 1431 3281 dedicata
1466 3212 1611 3275 fuit.
1662 3213 1809 3277 Non
1840 3212 2056 3293 placet
2090 3213 2319 3293 etiam,
2347 3212 2527 3299 quod

1033 3337 1268 3380 numos
1327 3335 1475 3379 cum
1533 3327 1739 3402 statua
1800 3313 2065 3391 Martis,
2123 3337 2314 3400 quam
2377 3337 2523 3381 esse

1031 3418 1286 3485 Vltoris
1342 3417 1483 3501 ipse
1541 3413 1925 3500 profitetur,
1995 3417 2123 3499 jam
2170 3418 2250 3481 ad
2291 3439 2530 3481 annum

1030 3522 1160 3606 73⁰
1207 3519 1481 3604 adfigat,
1560 3537 1710 3585 curn
1772 3531 1990 3582 tamen
2062 3520 2168 3583 bic
2221 3523 2398 3584 Mars
2463 3520 2529 3583 in

1035 3625 1245 3687 numis
1292 3619 1490 3685 certis
1524 3616 1803 3700 primum
1841 3620 1923 3683 ab,
1958 3643 2130 3686 anno
2169 3624 2254 3690 V.
2296 3623 2369 3685 C.
2403 3623 2534 3702 734

1037 3744 1423 3810 comparere
1460 3720 1747 3803 incipiat.
2128 3732 2133 3737 ’

1167 3826 1418 3890 Omnes
1457 3821 1581 3885 hae
1623 3821 2041 3888 difficultates
2084 3823 2263 3887 ultro
2299 3844 2534 3887 evane-

1044 3943 1268 4004 scunt,
1330 3930 1384 3994 si
1442 3940 1789 4001 statuatur,
1852 3946 2081 3989 omnes
2126 3928 2251 3990 hos
2303 3946 2538 3989 numos

1043 4034 1329 4118 signatos
1361 4049 1566 4104 anno,
1610 4029 1679 4091 in
1715 4049 1844 4114 quo
1874 4048 2048 4091 nunc
2081 4041 2266 4105 sunt,
2295 4049 2537 4112 nempe

1045 4137 1127 4201 V.
1166 4135 1239 4198 C.
1284 4133 1432 4216 738.
1519 4130 1788 4194 Certum
1833 4145 1966 4209 est,
2024 4144 2093 4194 ut
2135 4130 2409 4215 probavi
2453 4150 2536 4192 ex

1046 4239 1298 4312 Dione,
1374 4234 1507 4298 hoc
1575 4253 1745 4298 anno
1818 4235 2070 4299 Romae
2146 4230 2316 4298 facta
2385 4246 2536 4299 vota

1041 4361 1168 4426 pro
1211 4336 1488 4422 Augusti
1531 4334 1771 4429 reditu..
1862 4337 2043 4403 Nihil
2085 4335 2363 4420 impedit
2403 4337 2540 4399 Me·

1042 4441 1285 4506 scinius
1343 4438 1470 4505 etsi
1529 4452 1752 4505 certus
1803 4438 1955 4503 anni
2017 4439 2259 4522 prioris
2313 4439 2539 4514 Iuvit,

1046 4564 1192 4609 nam
1240 4541 1366 4604 etsi
1414 4538 1683 4613 demus.
1739 4539 1918 4625 quod
1970 4541 2238 4626 quidem
2288 4542 2538 4606 Haver-

1047 4664 1313 4726 campus
1367 4653 1437 4705 et
1475 4640 1861 4715 Vaillantius
1916 4663 2111 4728 saepe
2172 4641 2538 4723 adsertum,

2263 591 2915 672 AVGVSTVS.

2619 784 2947 850 nunquam
2996 779 3212 830 tamen
3265 762 3523 828 idoneis
3566 760 3970 848 argumentis
3992 777 4118 829 sta·

2620 865 2935 945 bilivere‚
2995 889 3278 933 annuum
3318 867 3521 929 fuisse
3568 879 3809 931 tantum
3852 866 4115 933 Invito-

2631 989 2776 1029 rum
2840 990 3103 1045 munus,
3181 982 3439 1054 poterat
3489 968 3630 1051 ejus
3672 968 3876 1031 annus
3921 983 4117 1030 occu-

2631 1091 2789 1155 pare
2826 1085 3077 1154 partem
3121 1071 3277 1134 anni
3307 1071 3543 1154 prioris
3578 1071 3724 1149 737,
3756 1084 3822 1132 et
3861 1082 4118 1152 partem
4163 1141 4171 1151 ,

2633 1174 3035 1257 praesentis,
3089 1171 3218 1234 nisi
3270 1173 3469 1235 velint
3520 1172 3716 1233 etiam
3763 1171 4112 1246 evincere,

2636 1295 2752 1341 eos
2818 1295 2968 1338 cum
3029 1274 3404 1343 consulibus
3448 1272 3759 1336 Kalendis
3804 1276 3937 1336 Ian.
3986 1293 4121 1335 ma·-

2633 1377 2971 1459 gistratum
3017 1376 3382 1445 inchoasse.
3458 1374 3861 1441 Sententiam
3913 1392 4130 1439 meam

2633 1478 2975 1560 praeclare
3028 1478 3204 1560 juvat
3253 1494 3485 1540 numus
3542 1475 3814 1560 insignis
3849 1494 4130 1551 aureus,

2640 1602 2714 1644 ac
2766 1581 2940 1643 forte
3003 1580 3193 1643 unius
3255 1579 3464 1643 musei
3515 1576 3856 1653 Caesarei,
3933 1595 4134 1662 quem

2640 1696 3043 1766 postremum
3092 1682 3431 1766 descripsi.
3517 1683 3687 1744 Eum
3740 1698 3909 1743 anno
3946 1694 4137 1762 prae·

2629 1799 2815 1851 sente
2851 1784 3054 1848 fuisse
3104 1784 3460 1868 signatum,
3506 1783 3776 1846 dubium
3825 1801 3959 1844 non
3990 1793 4133 1856 est;

2627 1910 2777 1952 nam
2825 1887 3015 1971 prodi
3069 1889 3373 1950 IHvirum
3428 1886 3499 1950 C.
3531 1882 3884 1948 Antistium
3928 1883 4132 1950 Veto-

2631 2012 2816 2068 mm,
2875 1989 3059 2072 cujus
3092 1989 3316 2073 plures
3349 1986 3664 2051 habemus
3707 2004 3942 2049 numos
3979 2002 4130 2053 cum

2631 2091 2944 2176 inscripta
3000 2091 3278 2175 Augusti
3336 2089 3489 2152 trib.
3538 2100 3862 2170 potestate
3914 2087 4128 2163 VIII..

2632 2215 2801 2280 quae
2855 2193 2926 2255 in
2977 2192 3153 2256 hu‘n'c
3211 2212 3446 2255 annum
3504 2189 3698 2254 cadit.
3782 2186 4124 2263 Mallius,

2634 2297 2745 2381 qui
2791 2316 3062 2358 numum
3115 2294 3285 2357 hunc
3328 2291 3536 2356 edidit
3582 2291 3680 2373 ⁸),
3743 2303 3956 2371 putat,
4009 2311 4130 2355 nu·

2635 2398 2726 2460 mi
2770 2397 3200 2479 inscriptione
3244 2394 3491 2479 respici
3543 2390 3846 2455 morbum
3892 2394 4128 2459 'Parra-

2632 2518 2991 2563 conensem
3041 2498 3193 2560 anni
3235 2498 3321 2565 V.
3368 2498 3441 2560 C.
3484 2514 3635 2579 7sq.
3693 2495 3782 2558 At
3834 2495 3975 2578 ejus
4017 2491 4128 2557 adr

2637 2599 2903 2664 serendi
2935 2601 3118 2663 nulla
3155 2620 3310 2663 sane
3343 2613 3446 2663 est
3479 2597 3670 2663 ratio.
3724 2596 3859 2659 Pro
3899 2596 4148 2673 salute‚'

2638 2724 2794 2781 seu,
2855 2703 3031 2788 quod
3069 2702 3248 2767 idem
3283 2715 3419 2778 est,
3457 2720 3604 2784 pro
3643 2698 4132 2768 VALETVDL

2638 2806 2759 2867 NE
2800 2804 3132 2882 Caesaris,
3179 2803 3374 2868 etiam
3416 2823 3565 2866 cum
3616 2801 3983 2866 rectissime
4023 2821 4134 2865 vaa-

2637 2908 2849 2985 leret,
2905 2906 3249 2993 quotannis
3299 2921 3451 2971 vota
3486 2904 3746 2987 concipi
3788 2916 3935 2967 sunt
3977 2903 4132 2971 soli*

2642 3024 2726 3073 ta.
2811 3011 2906 3074 Ita
2959 3008 3093 3071 Dio
3147 3009 3278 3092 jam
3330 3006 3414 3071 ad
3470 3029 3709 3071 annum
3762 3006 3845 3071 V.
3885 3004 3958 3068 C.
4003 3005 4132 3086 725

2639 3111 2885 3188 refert,
2928 3108 3269 3174 decretum
3319 3109 3523 3174 fuisse
3564 3132 3603 3173 a
3650 3120 3915 3184 senatu,
3957 3119 4030 3169 ut
4060 3105 4135 3175 in

2638 3214 2809 3281 votis
2837 3234 2972 3277 non
3004 3213 3218 3277 solum
3259 3211 3568 3294 publicis,
3622 3209 3743 3274 sed
3773 3209 3969 3273 etiam
4001 3208 4136 3292 pri·
4203 3236 4211 3251 ·

2638 3315 2805 3381 vatis
2858 3335 2983 3399 pro
3038 3313 3334 3378 Caesaris
3393 3313 3600 3379 salute
3663 3311 3997 3389 litaretur,
4064 3322 4138 3373 et

2646 3415 3004 3480 universim
3055 3416 3398 3502 quotannis
3463 3418 3576 3481 111.
3627 3434 3786 3482 non.
3832 3416 3963 3477 lan.
4009 3432 4137 3496 pro

2646 3521 3095 3602 Augustorum
3142 3519 3354 3582 salute
3396 3532 3544 3582 vota
3585 3515 3753 3581 facta
3807 3528 3988 3595 sunt,
4049 3514 4137 3577 de

2653 3619 2886 3701 quibus
2957 3640 3226 3704 agemus
3296 3619 3364 3682 in
3440 3632 3717 3683 tractatu
3775 3617 3860 3681 de
3922 3616 4142 3685 munit

2654 3711 2999 3793 Votorum.
3045 3722 3301 3784 Taurus
3346 3721 3589 3795 hostia,
3636 3721 3761 3784 etsi
3793 3720 3952 3785 alias
3979 3738 4141 3807 quo·

2652 3843 2781 3908 que
2827 3823 2984 3901 diis,
3040 3837 3258 3887 tamen
3309 3823 3686 3906 cumprimis
3730 3818 3868 3886 Io'vi
3906 3834 4142 3884 macta·

2650 3940 2714 3989 ta
2758 3925 2903 3991 fuit.
2963 3925 3102 3991 lovi
3148 3946 3308 3992 vero
3361 3948 3547 3991 sacra
3590 3925 3791 3991 fuisse
3831 3926 3992 3988 haee
4029 3943 4171 3998 γε»,

2651 4022 2745 4105 ts,
2791 4028 2974 4093 numi
3021 4029 3153 4092 duo
3191 4028 3450 4112 priores
3479 4028 3724 4091 diserte
3763 4028 4142 4110 loquuntur.

2651 4133 2832 4217 Ergo
2892 4132 2949 4197 si
3010 4154 3244 4196 numus
3305 4131 3414 4195 hic
3455 4131 3537 4194 ad
3580 4141 3994 4214 praesentem
4035 4149 4147 4191 an·

2650 4255 2807 4298 num
2855 4235 3177 4318 pertinet,
3223 4233 3545 4297 rationem
3582 4255 3715 4295 uon
3745 4231 3982 4311 video,
4023 4251 4148 4296 ctu·

2653 4356 2786 4399 non
2833 4350 3113 4422 quatuor
3163 4334 3418 4401 denarii
3462 4333 3938 4419 praecedentes
3971 4333 4149 4415 ejus-

2655 4436 2809 4505 dem
2876 4440 3006 4503 sint
3058 4438 3211 4503 anni
3264 4450 3487 4523 partus
3540 4435 3840 4520 putandi,
3897 4435 4151 4521 praeci·

2654 4562 2782 4627 pue
2844 4560 2994 4606 cum
3054 4540 3413 4607 viderimus
3476 4559 3562 4602 ex
3619 4538 3904 4616 Dione..
3952 4558 4148 4625 quam

2653 4643 2846 4715 anxie
2887 4642 3166 4709 Romani
3202 4642 3342 4726 ejus
3375 4661 3418 4705 e
3446 4636 3675 4707 Galliis
3715 4640 3999 4713 reditum
4039 4661 4153 4705 cu·

1119 4854 1179 4923 a)
1223 4810 1528 4926 supplem.
1561 4846 1640 4905 ad
1666 4808 1843 4907 vam.
1881 4866 1942 4924 p.
1962 4808 2033 4911 7.-
