4509 5584
1424 548 1888 626 VXORES
1957 547 2464 624 CLAVDII.

391 739 470 784 ve
525 718 985 801 ignorantiam,
1034 738 1351 782 non‘rare
1395 719 1462 782 in
1508 717 1876 801 municipiis

387 823 695 905 exemplo
739 817 1086 905 irrepsisse
1123 810 1376 883 eertum
1406 819 1617 883 videri
1650 820 1874 903 possit.

389 926 510 986 Est
533 937 752 986 tamen
802 923 978 1006 quod
1003 922 1277 1005 ⁸eulpam
1310 922 1610 983 minuere
1648 922 1872 1003 possit.

387 1026 652 1087 Etenim
690 1038 908 1088 narrat
939 1024 1070 1085 Dio
1120 1023 1203 1086 ad
1231 1045 1471 1086 annum
1500 1024 1584 1091 V.
1617 1025 1686 1088 C.
1721 1025 1874 1103 795,

387 1128 757 1200 Claudium,
823 1147 973 1187 cum
1032 1125 1156 1186 sibi
1212 1138 1399 1187 natus
1457 1139 1633 1187 esset
1683 1123 1878 1200 filius,

384 1229 497 1312 qui
544 1227 816 1292 subinde
866 1225 1278 1289 Britannicus
1337 1240 1437 1289 est
1495 1226 1741 1302 dictus,
1803 1245 1878 1287 ea

385 1350 573 1391 esum
629 1329 1113 1405 moderatione,
1174 1341 1247 1390 ut
1301 1339 1655 1409 propterea
1712 1328 1875 1389 nihil

383 1431 729 1511 splendide
775 1445 1035 1515 ageret,
1115 1449 1189 1491 ae
1231 1448 1448 1510 neque
1481 1428 1558 1490 ei
1600 1430 1876 1497 AVGv-

382 1532 552 1608 81¹1,
618 1553 834 1617 neque
899 1530 1288 1593 Messalinae
1337 1531 1695 1611 Augustae
1760 1552 1877 1608 no-

321 1713 328 1718 ,
383 1655 538 1697 men
576 1633 716 1697 dari
764 1647 1102 1718 pateretur
1143 1633 1225 1712 ¹).
1299 1630 1462 1693 Gum
1493 1633 1712 1695 nullus
1742 1634 1874 1693 Au·

384 1737 557 1822 gusti
589 1731 947 1820 cujuspiam
990 1732 1162 1795 filius
1200 1753 1318 1796 seu
1357 1732 1703 1810 naturalis,
1756 1754 1874 1795 seu

381 1838 722 1920 adoptivus
777 1852 925 1902 ante
961 1835 1304 1899 Claudium
1341 1835 1492 1900 vivo
1529 1848 1714 1918 patre
1762 1856 1875 1896 un-

383 1960 576 2025 quam
624 1938 835 2002 dietus
886 1937 1088 2001 fuerit
1137 1937 1532 2017 Augustus,
1603 1936 1875 2018 ejusque

380 2040 608 2118 multis
645 2052 794 2122 post
825 2039 1007 2102 annis
1037 2036 1320 2121 primum
1354 2037 1727 2120 exemplum
1765 2036 1877 2100 de·

387 2143 561 2206 derit
600 2145 691 2203 M.
732 2139 1074 2217 Aurelius,
1138 2138 1250 2222 qui
1290 2138 1570 2221 imperio
1626 2149 1745 2199 suo
1793 2137 1874 2200 ad

383 2241 583 2307 finem
621 2257 938 2326 vergente
995 2239 1429 2303 Commodum
1473 2240 1677 2300 filium
1729 2243 1876 2302 Au-

377 2362 650 2429 gustum
705 2344 897 2418 dixit,
964 2342 1161 2426 idque
1221 2363 1366 2405 non.
1416 2341 1663 2424 fugerit
1715 2343 1873 2406 Dio-

381 2433 534 2512 nem
571 2447 906 2510 eruditum
953 2465 1177 2506 rerum
1219 2445 1665 2506 Romanorum
1712 2443 1871 2506 seri-

380 2562 678 2632 ptorem,
717 2545 1036 2610 credibile
1077 2558 1206 2622 est,
1250 2567 1336 2608 ne
1381 2547 1657 2608 otiosum
1695 2545 1868 2607 istud

382 2651 524 2732 ejus
586 2649 828 2712 dictum
881 2647 1228 2723 habeatur,
1297 2669 1516 2712 ausam
1571 2648 1868 2710 Messali-

378 2772 531 2828 nam
585 2758 916 2834 Augustae
979 2749 1101 2812 sibi
1163 2768 1403 2811 nomen
1478 2747 1862 2830 efflagitare,

380 2874 455 2918 ac
494 2874 577 2917 ne
608 2852 781 2916 istud
811 2864 1085 2935 propter
1114 2850 1464 2914 novitatem
1505 2850 1567 2910 in
1590 2848 1868 2933 Augusti

382 2976 590 3019 uxore
639 2953 1030 3019 invidiosum
1073 2966 1287 3029 esset,
1356 2950 1645 3015 voluisse
1705 2951 1869 3013 mol-

377 3057 504 3120 lire
551 3056 858 3121 invidiam
927 3054 1103 3117 idem
1147 3053 1346 3117 decus
1399 3071 1522 3135 pro
1563 3050 1710 3113 filio
1756 3073 1868 3115 ex-

378 3157 687 3243 petendo,
736 3158 1208 3240 decretumque
1273 3154 1446 3217 istud
1488 3154 1615 3236 jam
1652 3151 1869 3216 'faerit

331 3284 417 3346 ‚a
475 3273 703 3324 senatu
721 3305 752 3335 ,‚
815 3270 884 3322 et
927 3278 1050 3340 per
1117 3256 1482 3340 provincias
1560 3254 1866 3332 diditum,

377 3361 484 3426 cui
527 3360 784 3423 rumori
831 3381 978 3424 eum
1022 3356 1480 3442 intempestive
1517 3356 1714 3419 fidem
1759 3359 1870 3419 ha·

376 3464 568 3528 beret
617 3461 910 3538 colonia,
963 3462 1265 3540 Augusta·
1314 3460 1574 3522 titulum
1616 3458 1869 3521 Britan·

374 3566 523 3630 nico
583 3563 945 3636 addiderit,
1007 3575 1349 3645 antequam
1417 3558 1503 3623 de
1566 3560 1863 3628 modera-

374 3667 560 3731 tioris
595 3664 850 3730 Claudii
896 3664 1230 3728 voluntate
1268 3675 1625 3740 constaret,
1675 3682 1860 3746 prae-

371 3790 569 3833 coces
597 3769 719 3832 bos
753 3768 1043 3829 honores
1070 3777 1207 3826 tum
1240 3783 1373 3827 non
1399 3764 1856 3847 permittentis.

367 3871 539 3935 Satis
607 3882 898 3945 constat,
989 3864 1400 3948 repudiatum
1474 3866 1555 3929 ab
1621 3865 1858 3929 eodem

363 3975 583 4060 patris
631 3971 900 4033 jonatus
934 3968 1195 4031 titulum
1253 3968 1564 4030 haetenus
1612 3967 1857 4032 inaudi-

275 4089 282 4096 ·
366 4089 544 4148 tum,
593 4091 784 4157 quem
817 4071 883 4135 ei
916 4069 1064 4154 plus
1107 4089 1316 4153 aequo
1347 4081 1858 4136 assentanseon-

363 4175 468 4260 sul
494 4175 836 4260 Vipsanius
873 4172 1169 4236 decrevit
1213 4170 1301 4252 Β).

1099 4273 1138 4311 *⁵

890 4322 932 4358 ff
1307 4320 1344 4354 4·

490 4379 721 4441 Exstat
800 4378 994 4440 etiam
1037 4374 1448 4437 Britannicus
1511 4374 1579 4434 in
1638 4369 1852 4434 numia

1117 4600 1188 4662 b)
1226 4600 1416 4655 Tacit.
1453 4597 1812 4659 Ann.X1.25.

1065 4690 1118 4763 s)
1157 4690 1298 4747 Tac,
1330 4690 1480 4745 Anu.
1503 4688 1604 4746 IV.
1633 4699 1721 4749 75.

436 4607 495 4672 a)
535 4604 597 4660 L.
618 4601 736 4660 LX.
767 4606 816 4672 §.
844 4616 926 4662 12.

363 4697 424 4748 el
463 4695 615 4752 Anu.
646 4693 721 4752 11.
753 4701 839 4756 54.

366 4807 410 4838 c,
437 4786 486 4844 6.

3352 574 3495 641 255

1995 717 2401 811 eoloniarum
2447 717 2875 794 incertarum,
2926 734 3005 783 et¹
3041 720 3486 789 Aleiandrino

1989 817 2287 895 Claudii,
2353 840 2517 905 quos
2577 841 2773 903 supra
2831 820 2900 879 in
2938 807 3173 887 ‘numia
3234 828 3491 891 Claudii

1995 924 2332 984 commatis
2357 922 2695 1005 peregrini
2722 908 3071 1005 descripsi,
3118 925 3185 987 in
3224 949 3491 995 consor.

1993 1020 2086 1083 tio
2115 1041 2421 1085 sororum
2447 1023 2807 1101 Antoniae,
2846 1037 2915 1087 et
2952 1025 3291 1096 Octaviae.

2728 1144 2766 1181 ἱ·

2935 1190 2976 1228 ἦ

2120 1224 2311 1291 onr
2351 1227 2464 1294 TV.
2520 1191 2558 1227 ⁹*

2170 1393 2512 1455 JVJAA
2597 1365 3274 1463 AGRIPPINA.

2116 1527 2507 1591 Parentibus
2546 1529 2974 1621 Germanico,
3021 1547 3086 1596 et
3119 1536 3483 1620 Agrippina

1988 1642 2137 1691 nata
2181 1629 2249 1689 in
2295 1630 2539 1712 oppido
2591 1631 2948 1710 Vbiorum,
3005 1638 3182 1720 quod
3219 1639 3299 1702 ab
3346 1641 3486 1725 ipsa

1991 1729 2267 1793 subinde
2313 1730 2593 1794 deducta
2640 1753 2722 1796 eo
2765 1736 3023 1800 colonia
3061 1741 3487 1824 Agrippinae

1989 1852 2232 1895 nomen
2280 1834 2536 1916 aceepit
2579 1835 2661 1914 0).
2763 1837 3023 1901 Annum
3071 1840 3155 1907 V.
3196 1843 3280 1908 C.
3338 1842 3486 1925 769,

1995 1954 2125 2018 quo
2179 1954 2257 1996 ea
2304 1948 2452 1998 nata
2506 1949 2637 2013 est,
2699 1957 2863 2001 eruo
2909 1962 3007 2022 ex⁸
3033 1942 3350 2006 Suetonio
3396 1943 3485 2026 ἃ).

1991 2035 2155 2097 Nam
2214 2055 2365 2098 cum
2421 2036 2478 2098 is
2538 2038 2799 2121 prodat,
2856 2041 3248 2109 Germanico
3306 2059 3485 2111 natas

1983 2134 2190 2198 fuisse
2250 2150 2387 2199 tres
2442 2158 2637 2201 sexus
2697 2141 2993 2204 feminini
3035 2145 3483 2229 Agrippinam,

1989 2238 2415 2322 Drusillam,⁸
2445 2239 2748 2305 Livillam
2810 2246 3120 2308 continuo
3175 2246 3481 2323 triennio,

1988 2353 2242 2403 constet
2296 2353 2513 2404 autem
2554 2363 2642 2412 ex
2685 2345 2945 2423 Tacito,
3009 2347 3236 2410 {uliam
3285 2348 3486 2413 Livil-

1985 2440 2114 2503 lam
2171 2456 2387 2504 natam
2457 2444 2540 2511 V.
2605 2446 2677 2507 C.
2739 2469 2857 2528 77¹
2913 2449 3008 2527 e),
3114 2451 3327 2533 palam
3388 2450 3483 2526 fit,

1982 2543 2411 2626 Agrippinam
2443 2544 2701 2609 laudato
2736 2570 2772 2609 a
2814 2570 2920 2612 me
2962 2570 3129 2614 anno
3160 2551 3230 2612 in
3260 2551 3483 2615 lucem

1982 2642 2240 2705 editam.
2343 2646 2638 2709 Natalem
2719 2649 3189 2715 ·Ralendarium
3263 2653 3485 2715 Antia·-

1982 2743 2187 2810 tinum
2219 2744 2440 2822 statuit
2468 2746 2643 2810 diem
2682 2750 2795 2815 Vt.
2827 2752 3247 2820 Novembris.
3291 2754 3376 2821 V.
3400 2758 3479 2817 C.

1982 2847 2102 2925 78¹
2164 2869 2202 2910 a
2259 2846 2532 2911 Tiberio
2594 2850 2845 2912 eloeata
2901 2851 3045 2929 fuit·
3082 2856 3208 2916 Cn.
3252 2856 3478 2917 Domi-

1982 2945 2074 3008 tio
2131 2943 2573 3013 Ahenobarbo
2613 2947 2708 3032 ¹),
2785 2971 2869 3013 ex
2943 2974 3072 3036 quo
3133 2954 3213 3019 L.
3248 2956 3477 3018 Domi-

1981 3048 2177 3123 tium,
2248 3049 2524 3115 subinde
2568 3054 2906 3116 Neronem
2950 3057 3293 3139 concepit„
3358 3061 3479 3120 lm-

1981 3164 2257 3234 perante
2309 3152 2602 3236 Caligula
2656 3175 3000 3220 commune
3043 3177 3190 3220 cum
3238 3161 3479 3221 sorori-

1981 3251 2104 3315 bus
2169 3253 2370 3317 fatum
2424 3254 2683 3336 habuit3
2747 3277 2899 3343 nam
2938 3257 3214 3339 perinde
3261 3259 3478 3325 vitiata

1983 3376 2020 3417 a
2062 3354 2267 3419 fratre
2322 3356 2479 3432 fuit3
2539 3370 2604 3421 at
2662 3347 2814 3420 eum*
2864 3373 3289 3442 argueretur,
3351 3364 3478 3426 Le-

1981 3453 2173 3539 pido,
2236 3456 2542 3544 aliisque,
2607 3474 2800 3544 atque
2860 3460 2988 3544 ipsi
3031 3462 3227 3525 etiam
3274 3465 3475 3528 Sene-

1978 3578 2093 3628 eae
2141 3580 2382 3643 eorpus
2422 3561 2760 3644 vulgasse,
2809 3562 3104 3646 relegata
3153 3580 3253 3627 est
3290 3566 3355 3628 in
3382 3568 3475 3628 in·

1977 3661 2148 3723 sulas
2181 3662 2481 3742 Pontias,
2526 3678 2747 3728 coacta
2776 3663 3081 3747 insuper,
3140 3668 3314 3729 caesi
3347 3670 3472 3732 Le·
3528 3697 3535 3710 ·

1974 3763 2110 3847 pidi
2159 3784 2301 3827 ossa
2349 3785 2553 3827 urnae
2585 3748 2833 3835 inclusa
2882 3766 2955 3830 in
2996 3766 3142 3828 sinu
3172 3789 3297 3851 per
3336 3791 3472 3833 om-

1971 3885 2124 3927 nem
2197 3865 2370 3930 viam
2434 3868 2710 3928 Romam
2782 3887 2988 3951 usque
3067 3868 3335 3933 deferre
3383 3877 3465 3954 ὅ).

1967 3967 2181 4029 Caeso
2227 3967 2521 4050 Caligula
2574 3991 2609 4030 a
2658 3979 2890 4049 patruo
2948 3968 3239 4038 Claudio.
3278 3993 3469 4038 revo-

1969 4079 2110 4130 eata
2167 4070 2476 4143 Romam,
2534 4082 2793 4130 mortuo
2850 4068 3022 4129 inter
3078 4071 3240 4133 haee
3285 4076 3459 4155 prio-

1961 4186 2044 4229 re
2103 4169 2371 4252 marito,
2440 4168 2658 4250 nupsit
2715 4169 2946 4250 Crispo
3004 4171 3319 4234 Passieno
3370 4173 3460 4254 ¹¹).
3522 4186 3527 4193 '

1967 4269 2127 4330 Post
2166 4266 2556 4331 Messalinae
2627 4269 2973 4330 interitum.
3015 4270 3180 4334 adeo
3237 4274 3463 4351 illece-

1965 4368 2103 4433 bris
2136 4368 2591 4446 Claudium,in
2635 4369 2734 4432 sui
2770 4390 3065 4434 amorem
3110 4375 3337 4453 traxit,
3398 4393 3469 4440 ut

1994 4601 2052 4653 cl
2094 4596 2283 4652 Tacit.
2322 4597 2472 4653 Anu.
2502 4594 2625 4653 ΧΠ.
2649 4607 2759 4666 Ξῖ.1

1949 4691 2010 4762 g)
2051 4687 2160 4741 Dio
2193 4685 2258 4740 L.
2280 4683 2424 4744 LIX.
2456 4687 2508 4754 ξ.
2532 4696 2643 4756 22„

2917 4599 2985 4670 d)
3025 4600 3085 4656 in
3123 4599 3310 4676 Calig.
3343 4621 3393 4658 c.
3415 4616 3469 4664 7.

2842 4687 2912 4758 h)
2956 4688 3116 4748 Suet.
3148 4692 3205 4744 in
3232 4692 3497 4750 Nerone-
