4509 5584
1538 570 2272 650 HADRIANVS.

329 745 501 811 infra
551 739 635 810 ad
683 760 985 809 numum:
1047 740 1566 810 DISCIPLINA.
1618 741 1825 811 AVG.

329 847 591 936 plenius
623 845 1042 910 disseremus.
1104 843 1317 940 Quam
1360 865 1526 910 vero
1571 845 1828 910 duriter

331 963 511 1015 tanta
554 949 791 1013 itinera
836 946 1109 1024 feeerit,
1156 947 1340 1010 nulla
1364 947 1693 1040 cujusque
1733 948 1829 1010 in-

338 1051 668 1118 commodi
698 1049 911 1114 habita
937 1050 1228 1128 ratione,
1259 1049 1387 1132 jam
1417 1048 1725 1127 diximus,
1760 1063 1827 1113 et

336 1155 595 1219 dicetur
629 1141 863 1220 adhuc.
1730 1141 1731 1144 ¹

417 1253 825 1318 Monendum
896 1268 1286 1337 praeterea,
1385 1275 1618 1319 numos
1702 1253 1825 1319 hos

332 1351 692 1444 plerosque
761 1377 896 1420 non
969 1375 1117 1419 esse
1177 1356 1462 1440 signatos
1532 1377 1615 1420 eo
1680 1357 1825 1440 ipso

334 1480 504 1522 anno
524 1504 541 1536 ,
576 1479 706 1543 qno
733 1457 1103 1542 provincias
1131 1458 1415 1542 singulas
1445 1456 1678 1535 adivit,
1707 1457 1826 1521 sed

329 1549 566 1624 saltem
606 1560 983 1644 complures
1028 1560 1235 1624 multo
1279 1560 1521 1636 serius3
1565 1582 1717 1623 nam
1756 1561 1826 1622 in
1874 1566 1879 1570 ’

331 1662 632 1725 omnibus
674 1662 864 1745 hujus
906 1657 1128 1724 classis
1169 1661 1382 1724 numis
1425 1661 1664 1724 dicitur
1698 1664 1827 1724 Pa-

327 1776 430 1827 ter
461 1767 774 1842 Patriae,
824 1783 1020 1848 quem
1055 1762 1312 1826 titulum
1351 1784 1520 1827 anno
1559 1763 1823 1827 demum

324 1866 408 1930 V.
454 1867 526 1932 C.
587 1867 746 1941 881,
815 1885 932 1928 seu
994 1864 1258 1947 imperii
1316 1886 1484 1928 anno
1542 1868 1653 1932 XI.
1714 1866 1824 1930 ad·

326 1968 608 2051 optavit,
658 1987 803 2030 cnm
847 1981 1066 2030 tamen
1106 1978 1290 2028 certe
1330 1980 1616 2044 constet,
1668 1982 1819 2031 eum

320 2071 452 2154 jam
495 2083 642 2133 ante
696 2069 872 2131 istud
923 2084 1179 2150 tempus
1234 2069 1466 2131 multas
1512 2089 1819 2155 peragra-

320 2187 460 2238 tum
504 2171 890 2260 provincias.
957 2169 1393 2234 Indubitatum
1435 2159 1672 2254 igitur,
1718 2194 1818 2235 se-

318 2277 457 2338 rius
493 2297 530 2338 a
560 2289 862 2337 monetae
900 2271 1252 2358 praefectis
1296 2271 1650 2356 imperatos
1694 2272 1815 2337 hos

317 2392 509 2461 typos
544 2375 957 2454 recensendo
994 2374 1371 2458 singillatim
1402 2374 1547 2436 illas
1585 2388 1814 2452 terras,

323 2461 479 2565 quas
520 2499 645 2563 per
677 2477 856 2542 vices
888 2476 1123 2552 obivit,
1160 2496 1288 2559 quo
1321 2496 1439 2538 seu
1468 2476 1816 2560 imperato-

320 2583 416 2643 ris
467 2580 566 2643 sui
614 2580 953 2664 praeclare
1003 2577 1171 2640 facta
1215 2577 1581 2659 posteritati
1639 2600 1815 2642 com-

323 2682 745 2759 mendarent,
779 2702 898 2744 seu
930 2681 1070 2763 ejus
1105 2679 1470 2757 ambitioni,
1506 2693 1573 2744 et
1605 2681 1814 2744 laudis

327 2784 663 2869 cupiditati
696 2784 1059 2848 servit-enti

411 2886 562 2982 Quo
608 2906 776 2950 anno
820 2882 1100 2947 adiverit
1145 2881 1454 2986 regiones
1497 2880 1813 2964 singulas,

325 3009 598 3074 quarum
625 2988 693 3049 in
731 2986 834 3048 bis
872 2985 1086 3049 nnmis
1124 2984 1198 3046 fit
1238 2983 1516 3061 mentio,
1564 2981 1619 3044 si
1658 2984 1814 3067 quid

321 3090 667 3175 probabile
716 3088 1115 3164 occurrerit,
1175 3088 1241 3149 in
1283 3086 1442 3170 ipsis
1486 3106 1816 3149 commen·-

320 3192 503 3253 tariis
559 3189 805 3253 docere
860 3211 992 3253 non
1049 3189 1401 3273 negligam.
1487 3188 1694 3251 Multa
1744 3188 1815 3252 iu

319 3296 447 3357 hac
503 3314 691 3357 causa
751 3292 980 3376 reperi
1035 3291 1321 3368 incerta,
1383 3303 1451 3353 et
1505 3289 1810 3366 obscura,

320 3416 489 3479 quae
522 3394 674 3458 satis
707 3394 1037 3457 illustrare
1072 3390 1366 3457 virorum
1405 3391 1813 3455 eruditorum

318 3497 597 3561 adhibiti
646 3510 911 3560 conatus
952 3494 1243 3558 nondum
1290 3508 1593 3578 potuere.
1655 3494 1813 3558 Om-

315 3601 502 3662 nium
547 3599 810 3663 minime
856 3596 1226 3682 sequendus
1261 3597 1533 3680 Pagius,
1588 3596 1697 3680 qui
1745 3596 1814 3658 in

319 3702 563 3766 Critica
606 3705 720 3765 suia
756 3701 934 3784 ipsus
969 3699 1093 3762 sibi
1131 3697 1393 3782 pedicas
1431 3697 1666 3761 lubens
1702 3718 1813 3763 vo-

316 3808 598 3890 lensque
642 3801 984 3886 adligavit,
1051 3801 1203 3863 dum
1250 3822 1386 3864 non
1436 3814 1810 3884 temporum
1854 3879 1865 3886 ·

315 3906 540 3984 modo,
574 3905 692 3968 sed
729 3918 796 3967 et
830 3925 1053 3967 rerum
1083 3917 1412 3986 gestarum
1444 3904 1684 3965 seriem
1717 3903 1812 3963 in-

311 4008 542 4072 faustis
570 4007 704 4070 suis
726 4007 1301 4090 quinquennalium
1327 4004 1596 4088 epochis
1627 4024 1812 4070 coer-

315 4130 474 4173 cere
507 4108 928 4176 adlaboravit.

1043 4207 1083 4246 ὃ

1253 4255 1291 4293 ἦ

636 4317 731 4377 Vt
764 4257 872 4376 Ζίἷ
906 4313 988 4376 Η.
1632 4329 1647 4344 ·

310 4415 946 4486 RESTITVTORI.
981 4412 1393 4478 ACHAIAE.
1436 4411 1809 4495 Imperator

312 4533 596 4603 togatus
625 4531 817 4594 stan-5¹
847 4519 1192 4584 mullerem
1220 4534 1402 4597 genu
1415 4514 1807 4599 flectentem

386 4733 453 4803 a)
486 4729 551 4787 1..
580 4732 656 4785 11.
688 4748 750 4805 p.
774 4741 900 4790 117.
936 4736 1057 4789 118.
1092 4738 1150 4783 et
1175 4725 1336 4783 alibi.

317 4821 387 4877 L.
413 4818 615 4878 LXIX.
651 4820 701 4892 ᾗ.
725 4824 810 4884 16.
922 4821 984 4892 e)
1029 4816 1247 4875 Charta
1274 4831 1484 4894 papyr.
1515 4834 1575 4892 p.
1602 4826 1691 4876 77.

1448 4724 1517 4798 b)
1556 4725 1616 4779 in
1652 4701 1906 4782 Mirabil.
1942 4742 1996 4780 c.
2026 4734 2117 4786 25.

3293 597 3440 672 487

1941 744 2265 822 sublevat,
2300 744 2375 808 ἰη
2405 746 2616 809 medio
2649 743 2821 809 u'rna
2846 751 3265 832 prominente
3284 755 3437 837 pal·

1940 866 2091 911 mae
2117 867 2324 944 ramo.
2368 847 2515 915 AV.
2538 850 2734 924 (Mus.
2756 850 2971 931 Caes.)
3004 846 3432 932 AR.'(Vaill.)

1940 948 2082 1009 AE.
2113 949 2162 1011 1.
2191 950 2272 1015 11.
2306 948 2503 1017 obvii.

2030 1037 2306 1134 Saepius
2378 1052 2691 1116 Achaiam
2772 1054 2991 1119 invisit
3065 1054 3430 1122 Hadrianus

1940 1150 2213 1213 nimium
2265 1152 2625 1218 delectatus
2675 1155 3078 1219 Graecorum
3127 1159 3426 1243 ingenio,

1943 1272 2073 1338 quo
2115 1254 2392 1334 Achaia,
2450 1256 2639 1321 latius
2680 1258 2748 1319 in
2789 1259 3234 1323 Romanorum
3283 1282 3428 1324 sen-

1942 1374 2018 1417 su
2048 1370 2368 1439 accepta,
2430 1358 2584 1422 inde
2638 1359 2718 1422 ab
2770 1362 3209 1426 remotissimo
3266 1379 3430 1426 aevo

1939 1454 2212 1518 illustris
2273 1458 2538 1524 exstitit.
2629 1459 2841 1553 Quam
2901 1462 2968 1523 in
3026 1463 3166 1545 ejus
3226 1464 3430 1527 nrbes

1940 1556 2282 1621 munificus
2320 1558 2556 1638 fuerit,
2601 1561 2898 1646 pluribus
2940 1564 3008 1625 in
3052 1553 3215 1628 locis
3253 1586 3432 1629 com-

1940 1673 2263 1723 memorat
2346 1662 2725 1740 Pausanias,
2828 1680 3051 1728 ernata
3133 1665 3425 1744 balneis,

1939 1775 2008 1823 et
2058 1763 2239 1846 aquis
2287 1782 2370 1826 ex
2420 1763 2800 1847 Stymphalo
2847 1764 3154 1832 derivatis
3201 1769 3430 1833 Corin-

1936 1863 2087 1941 tho,
2124 1866 2423 1949 templis,
2467 1866 2863 1948 porticibus,
2906 1868 3269 1933 simulacris
3301 1893 3427 1955 per

1937 1963 2092 2027 alias
2159 1967 2358 2030 nrbes
2425 1967 2653 2050 positis
2699 1971 2780 2050 ει).
2874 1972 2963 2032 At
3033 1972 3424 2055 praecipuus

1932 2067 2249 2131 Hadriani
2308 2068 2600 2132 adfectus
2658 2069 2726 2130 in
2779 2070 3103 2149 Athenas,
3173 2095 3298 2157 qua
3355 2073 3427 2134 in

1906 2169 2098 2232 ·urbe
2174 2169 2384 2233 adhue
2465 2171 2751 2255 privatus
2826 2173 3209 2237 archontem
3290 2175 3474 2258 egit'

1932 2270 2015 2337 V.
2065 2271 2136 2335 C.
2191 2270 2317 2335 865
2371 2286 2542 2337 teste
2597 2274 2966 2366 Phlegonte
3012 2272 3102 2357 ¹²).
3188 2278 3426 2342 Factus

1932 2371 2205 2435 subinde
2251 2374 2612 2462 imperator
2656 2375 2821 2436 nibil
2871 2367 3013 2439 erat
3062 2377 3423 2451 honorum,

1933 2474 2112 2558 quod
2170 2476 2319 2537 urbi
2380 2476 2871 2562 antiqua'fama
2935 2478 3234 2570 cognitae
3291 2502 3427 2544 non

1906 2574 2320 2658 impertiret.
2394 2582 2575 2641 Inter
2633 2599 2834 2661 opera
2886 2579 2978 2641 ibi
3034 2594 3268 2643 statuta
3324 2594 3428 2643 est

1933 2678 2370 2758 gymnasium,
2436 2680 2870 2755 bibliotheca,
2944 2683 3263 2764 templum
3325 2685 3426 2743 Iu-

1929 2779 2155 2855 nonis,
2212 2794 2281 2842 et
2326 2782 2497 2845 Iovis
2544 2781 2993 2856 Panhellenii,
3049 2782 3170 2845 sed
3218 2785 3424 2845 omni-

1929 2879 2050 2941 bus
2108 2881 2211 2942 his
2267 2895 2554 2963 praestat
2603 2883 3144 2966 templum,lovis
3196 2883 3425 2966 Olym-

1929 2981 2024 3066 pii
2048 2973 2150 3063 ιο),
2190 2982 2271 3044 de
2300 3004 2427 3065 quo
2462 2982 2631 3047 infra
2664 2985 2782 3046 sub
2820 2984 3007 3047 titulo
3048 2987 3419 3067 Οζγιηρίιω,

1931 3105 2126 3168 quem
2171 3069 2505 3147 Hadriano
2554 3085 2802 3149 dedere
2852 3086 3127 3165 Graeci,
3178 3086 3426 3149 redibit

1930 3187 2198 3249 mentio.
2261 3185 2530 3249 Addidit
2574 3203 2917 3271 praeterea
2967 3209 3260 3272 magnam
3307 3210 3423 3271 pe-

1930 3288 2222 3364 cuniam,
2276 3279 2712 3366 frumentum,
2768 3311 2842 3353 ac
2886 3289 3168 3374 denique
3214 3303 3420 3352 totam

1927 3390 2205 3454 insulam
2258 3389 2747 3473 Cephalleniam
2789 3391 2877 3474 d).
2941 3391 3134 3459 Vnde
3180 3393 3419 3456 merito

1926 3492 2413 3576 hierophantis,
2465 3512 2629 3576 quae
2665 3494 3064 3556 Hadrianum
3101 3494 3417 3558 Eleusine

1925 3594 2232 3672 initiavit,
2267 3597 2336 3657 in
2368 3594 2669 3677 elegante
2706 3596 3205 3681 epigrammate,
3241 3598 3422 3682 quod

1926 3711 2075 3762 ante
2119 3718 2322 3760 annos
2357 3717 2596 3780 paucos
2627 3696 2870 3760 ibidem
2903 3701 3157 3783 reperit
3184 3702 3418 3763 lVors-

1923 3800 2111 3882 leyus
2147 3799 2435 3883 Anglus,
2468 3814 2534 3863 et
2570 3821 2715 3863 cum
2753 3802 3025 3865 eruditis
3063 3804 3420 3867 communi-

1926 3902 2098 3966 cavit
2142 3900 2437 3963 eruditns
2484 3902 2684 3968 Show
2725 3905 2948 3968 Danus
2991 3907 3082 3981 e),
3148 3904 3230 3968 de
3282 3905 3410 3967 hoc

1923 4003 2324 4087 imperatore
2364 4001 2559 4065 dixit:

2007 4210 2293 4275 ,Ασπετου
2326 4205 2393 4279 ὃς
2425 4223 2658 4292 aradam
2693 4214 2947 4271 πλουτου
2987 4231 3273 4295 navem-ve
3304 4230 3408 4271 πσ-

2263 4353 2268 4358 -
2989 4316 3241 4388 λεσσιν,
3317 4333 3332 4350 ’
3377 4355 3382 4363 -

2175 4405 2519 4492 Αδριαυω,
2576 4418 2810 4491 κλεινης
2859 4410 2910 4474 δ’
2943 4412 3152 4499 -ἐξοχει
3193 4413 3413 4493 Kenes-

2995 4537 3160 4592 παις.

2230 4726 2296 4794 c)
2333 4723 2580 4780 Pausan.
2613 4725 2677 4780 L.
2699 4728 2755 4805 ⁴1.
2791 4743 2854 4800 p.
2877 4733 2966 4786 42.
2997 4735 3086 4790 43.
3199 4723 3268 4796 d)
3302 4725 3415 4780 Dio
