4509 5584
1073 558 1222 641 486

1080 703 1388 797 modum,
1449 732 1516 783 et
1572 713 1749 802 quod
1803 728 2028 799 suapte
2073 715 2404 802 sequitur,
2458 735 2576 780 nn-

1077 847 1223 891 mos
1267 842 1496 888 omnes
1539 819 1731 903 hujus
1779 818 1949 902 legis
2000 818 2070 879 in
2121 819 2285 883 haec
2344 839 2576 883 consu·

1075 932 1245 993 latus
1292 929 1400 987 111.
1448 920 1768 1007 principia
1808 920 2269 984 removendos.
2331 922 2574 986 Secun-

1072 1032 1233 1095 dum
1277 1027 1444 1090 hanc
1492 1022 1791 1106 regulam
1834 1021 2108 1107 reliquis
2147 1034 2359 1087 aetate
2399 1022 2574 1107 prio-

1067 1153 1180 1198 res
1218 1142 1371 1194 sunt
1409 1145 1671 1201 omnes,
1723 1123 1837 1209 qni
1867 1123 2143 1189 anticam
2178 1125 2453 1202 habent,
2499 1137 2572 1187 ut

1072 1256 1157 1299 ea
1198 1253 1350 1295 mox
1397 1227 1607 1291 literis
1650 1229 1730 1291 A.
1772 1227 1850 1291 B.
1892 1227 1970 1291 E.
2007 1226 2085 1287 G.
2135 1226 2568 1291 describetur.

1074 1339 1240 1399 Cum
1296 1331 1560 1414 majoris
1616 1327 1930 1392 momenti
1984 1328 2220 1392 indicia
2282 1329 2406 1392 alia
2464 1327 2576 1390 de-

1074 1438 1243 1512 sint,
1287 1434 1481 1499 etiam
1517 1430 1770 1496 leviora
1803 1430 2207 1512 aspernanda
2236 1451 2367 1493 non
2405 1442 2576 1502 sunt.

1159 1539 1274 1607 IV.
1320 1535 1535 1599 Etiam
1580 1531 1941 1617 epigraphe
1985 1532 2180 1597 dandi
2228 1551 2381 1595 casu
2426 1549 2575 1594 con·

2220 542 3000 623 ·HADR1ANVS.

2685 732 2877 803 cepta
2922 736 3007 781 ex
3049 735 3239 781 more
3280 727 3584 783 monetae
3621 718 3942 803 Trajanae
3975 718 4196 803 viguit

2685 819 2896 885 adhuc
2926 819 2994 882 in
3022 818 3340 884 Hadriani
3367 820 3706 886 consulatu
3734 821 3785 886 1.
3804 864 3823 898 ‚
3862 842 3982 885 seu
4015 840 4195 883 anno

2684 922 2769 990 V.
2807 922 2881 987 C.
2919 921 3068 1002 870.
3128 924 3380 986 Tamen
3418 920 3551 985 fine
3591 921 3732 1006 ejus
3771 923 3928 986 anni
3963 923 4034 983 in
4071 943 4194 984 nn:

2686 1022 2842 1101 mis,
2900 1025 2969 1084 in
3018 1022 3253 1111 quibus
3299 1021 3667 1088 Hadrianus
3713 1023 3954 1088 dicitur
3990 1023 4187 1090 COS.

2684 1125 2883 1189 DES.
2910 1127 3024 1202 11.,
3059 1145 3244 1188 casus
3274 1140 3497 1191 rectus
3527 1126 3754 1192 redire
3781 1127 3911 1210 jam
3942 1126 4189 1211 coepit.

2687 1225 3012 1309 Perpauci
3045 1241 3194 1289 sunt
3225 1227 3441 1304 numi,
3486 1228 3599 1312 qui
3635 1228 3702 1290 in
3735 1227 4081 1291 consulatu
4109 1221 4212 1289 11.'

2691 1327 2888 1390 dandi
2914 1349 3130 1391 casum
3161 1328 3524 1406 retinuere,
3551 1328 3862 1413 deinceps
3893 1342 4193 1393 constan-

2690 1444 2798 1493 ter
2832 1429 3051 1497 valere
3083 1429 3354 1512 jussum.

1070 1746 1150 1806 A.
1401 1742 1580 1805 mr.
1606 1738 1973 1802 CAESAR.
2004 1736 2358 1802 TRAIAN.
2386 1733 2925 1805 HADRIANVS.
2957 1735 3165 1807 AVG.
3212 1742 3522 1802 Pmtome
3549 1739 3893 1814 laureata,
3931 1738 4005 1800 tn
4029 1719 4204 1803 AV.

1402 1841 1758 1928 ARAE.
1796 1840 1852 1902 I.
1891 1840 1985 1903 II.
2030 1840 2157 1905 III.
3201 1913 3209 1921 ,

1070 1950 1148 2011 Β.
1408 1943 1588 2009 ῙΜΡ.
1624 1941 1990 2005 CAESAR.
2027 1940 2496 2009 TRAIANVS.
2530 1940 3067 2009 HADRIANVS.
3099 1938 3304 2011 AVG.
3336 1941 3419 2010 Ρ.
3449 1944 3540 2012 Μ.
3570 1941 3713 2006 ΤΒ.
3745 1939 3827 2009 Ρ.
3862 1937 4062 2005 COS.
4084 1942 4196 2002 111.

1404 2048 1714 2108 Protome
1743 2046 2054 2106 laureata
2091 2046 2164 2105 ἰη
2199 2045 2354 2107 ΛΕ.
2389 2045 2446 2105 I.
2481 2044 2752 2104 radiata
2788 2045 2861 2104 in
2894 2043 3051 2104 AE.
3084 2043 3177 2105 II.

1079 2153 1152 2215 C.
1407 2148 1588 2210 lMP.
1633 2145 1879 2210 CAES.
1921 2145 2464 2210 HADRIANVS.
2510 2141 2716 2210 AVG.
2765 2141 2955 2208 COS.
2996 2147 3104 2208 111.
3156 2146 3371 2228 Caput
3400 2144 3799 2210 laureatum.
3846 2143 4037 2205 Haec
4069 2146 4203 2223 epi-

1399 2248 1655 2332 graphe
1673 2247 1871 2329 forte
1910 2258 2172 2308 tantum
2211 2256 2442 2307 exstat
2481 2246 2558 2307 in
2603 2264 2840 2320 αιινεο,
2889 2247 3250 2327 inscripto:
3304 2245 3444 2312 AN.
3473 2244 4034 2310 DCCCLXXIIII.
4071 2258 4196 2308 etc.
4243 2338 4250 2344 .

1403 2367 1597 2430 quem
1632 2348 1937 2408 dabimus
1971 2350 2159 2429 infra
2192 2366 2314 2407 suo
2352 2347 2522 2408 lococ

1078 2457 1164 2515 D.

1078 2658 1163 2721 E.

1416 2755 1576 2821 AE.
1607 2754 1661 2815 Ῑ.
1696 2755 1968 2815 radiata
2003 2754 2077 2814 in
2112 2753 2267 2813 AE.
2303 2752 2399 2813 II.

1075 2863 1155 2922 F.

1074 2963 1166 3023 G.

1078 3168 1170 3227 H.

1415 3264 1578 3327 AV.
1618 3261 1773 3324 AR.
1812 3260 1971 3322 AE.
2007 3257 2062 3319 Ι.
2096 3258 2190 3321 ΙΙ.

1408 2448 1950 2516 HADRIANVS.
1982 2447 2479 2514 AVGVSTVS.
2540 2447 2753 2530 caput
2784 2443 3195 2526 laureatum,
3250 2449 3357 2512 vel
3393 2448 3676 2525 nudum,
3716 2450 3789 2510 in
3828 2449 3994 2514 AV.
4035 2447 4196 2510 AR.

1410 2550 1573 2615 AE.
1608 2549 1661 2611 I.
1696 2548 1826 2610 III.
1860 2551 1979 2640 sed
2012 2554 2085 2612 in
2115 2550 2273 2612 AE.
2312 2548 2406 2612 II.
2439 2551 2646 2610 etiam
2686 2551 3047 2612 radiatum.

1412 2654 1595 2717 ῙΜΡ.
1642 2650 2008 2716 CAESAR.
2057 2649 2525 2717 TRAIANVS.
2569 2649 3106 2719 HADRIANVS.
3151 2650 3358 2744 AVG.
3422 2654 3726 2715 Protomo
3765 2650 4087 2716 laureata
4130 2655 4199 2713 in

1409 2853 1948 2919 HADRIANVS.
1965 2851 2347 2919 AVGVST.
2390 2853 2607 2936 Caput
2633 2854 3033 2928 laureatum,
3064 2855 3139 2915 in
3158 2852 3318 2915 AV.
3339 2865 3406 2915 et
3428 2852 3584 2915 AR.
3605 2853 3991 2938 Epigraphe
4015 2877 4196 2917 rara.

1414 2958 1593 3021 ΙΜΡ.
1629 2955 1996 3032 CAESAR.
2027 2954 2380 3017 TRAIAN.
2411 2954 2950 3021 HADRIANVS.
2985 2955 3060 3018 P.
3090 2956 3181 3015 M.
3217 2954 3358 3019 TR.
3400 2955 3477 3019 Ρ.
3509 2952 3699 3018 COS.
3730 2957 3845 3021 ΙΙΙ.
3892 2958 4202 3019 Protome

1413 3062 1723 3121 laureata
1755 3060 1830 3120 in
1861 3056 2018 3119 AE.
2057 3075 2237 3119 max.
2271 3058 2440 3117 mod.
2482 3059 2753 3118 radiata
2790 3059 2863 3119 in
2900 3057 3057 3119 AE.
3091 3056 3185 3118 ΙΙ.

1411 3157 1951 3225 HADRIANVS.
1974 3156 2183 3222 AVG.
2222 3154 2416 3219 COS.
2441 3159 2548 3221 ΠΙ.
2582 3158 2660 3222 P.
2685 3158 2761 3221 P.
2809 3159 3022 3240 Caput
3043 3158 3186 3236 jam
3221 3157 3619 3234 laureatum,
3637 3153 3784 3234 jam
3819 3157 4094 3234 nudum,
4130 3160 4199 3220 in

1006 3415 1023 3426 ,
1083 3372 1135 3430 Ῑ.
1416 3347 1954 3427 HADRIANVS.
1989 3358 2484 3428 AVGVSTVS.
2510 3360 2589 3426 P.
2624 3362 2699 3427 P.
2756 3360 2972 3443 Caput
2999 3361 3140 3440 jam
3174 3360 3584 3436 laureatum,
3616 3359 3762 3440 jam
3804 3361 4085 3438 nudum,
4127 3366 4202 3424 in

1420 3468 1583 3530 AV.
1618 3465 1778 3527 AR.
1817 3463 2193 3524 laureatum
2227 3462 2302 3524 in
2335 3463 2492 3524 AE.
2527 3462 2585 3525 Ῑ.
2697 3481 2704 3486 ·

1085 3570 1165 3632 Β.
1421 3563 1960 3630 HADRIANVS.
2004 3562 2211 3629 AVG.
2254 3562 2446 3629 COS.
2486 3566 2594 3630 111.
2667 3565 2882 3647 Caput
2917 3564 3331 3639 laureatum,
3380 3567 3454 3627 in
3496 3567 3695 3627 unico
3735 3564 3897 3631 AE.
3929 3565 3986 3627 Ῑ.
4028 3568 4205 3649 apud

1420 3669 1878 3730 Pellerinium.
1924 3663 2116 3744 (Mel.
2147 3665 2197 3729 1.
2235 3687 2303 3747 p.
2333 3666 2510 3749 205.)

1225 3905 1540 3972 NVMI
1616 3899 2464 3969 GEOGRAPHICI.

1185 4073 1656 4141 Memorabiles
1691 4085 1841 4138 sunt
1872 4069 2188 4134 Hadriani
2222 4072 2439 4150 numi,
2484 4071 2597 4157 qni

1094 4183 1437 4262 regiones,
1489 4178 1715 4254 urbes,
1748 4175 2047 4261 fluvios,
2098 4173 2181 4237 ad
2229 4196 2392 4261 quos
2435 4175 2597 4239 invi-

1099 4282 1220 4357 sit,
1248 4294 1405 4343 ‚tum
1449 4292 1517 4342 et
1560 4281 1913 4341 adventum
1957 4274 2025 4336 in
2069 4297 2179 4340 eas
2221 4291 2471 4355 terras,
2530 4291 2599 4341 et

1098 4384 1283 4460 loca,
1319 4399 1559 4466 easque
1588 4377 1917 4444 beneficio
1952 4389 2070 4441 sno
2100 4384 2490 4452 restitutas.
2521 4399 2596 4443 ac

2707 3870 2831 3933 mis
2878 3869 3216 3954 praeclare
3279 3868 3673 3947 edocemur,
3734 3870 3828 3933 sic
3873 3883 3943 3934 et
3986 3870 4068 3933 ab
4112 3871 4202 3931 hi·

2707 3972 2964 4036 storicis
3033 3972 3308 4056 egregie
3375 3970 3930 4055 comprobantur..
4006 3975 4202 4036 Teste

2693 4073 2924 4138 ’Dione
2967 4086 3065 4137 tot
3106 4073 3249 4157 ipse
3291 4072 3491 4137 urbes
3535 4094 3760 4137 eoram
3797 4072 3996 4151 vidit,
4051 4088 4208 4159 quot

2709 4190 2858 4241 ante
2895 4196 3047 4240 eum
3082 4176 3553 4260 imperatorum
3582 4175 3836 4252 nullus,
3881 4175 4208 4239 omnibus·

2714 4297 2843 4363 que
2871 4276 3203 4354 subvenit,
3232 4278 3387 4341 dum
3415 4277 3558 4341 aliis
3587 4283 3847 4363 aquam,
3879 4277 4027 4340 aliis
4056 4297 4206 4362 por·

2710 4394 2852 4458 tus,
2906 4400 3284 4457 annonam,⁸
3312 4399 3547 4463 opera,
3601 4379 3948 4463 pecunias,
4003 4378 4206 4442 bono-

2705 4501 2822 4546 res
2849 4482 2994 4546 aliis
3029 4481 3193 4545 alios
3230 4483 3504 4567 largitus
3537 4495 3640 4545 est
3677 4483 3758 4563 ⁸).
3817 4479 4033 4576 Quam
4067 4481 4206 4545 fue·

2709 4585 2800 4647 rit
2842 4584 2908 4645 in
2953 4583 3367 4648 instituendis
3413 4582 3810 4649 exercitibus
3870 4582 4205 4657 adsiduus,

1102 4483 1389 4567 deniqne
1425 4483 1765 4545 exercitus
1795 4479 1863 4540 in
1897 4478 1979 4542 iis
2014 4481 2409 4546 excubantes
2446 4499 2598 4546 ocn-

1101 4585 1185 4646 lis
1248 4583 1582 4666 objiciunt.
1672 4581 1942 4666 Singula
1997 4584 2162 4646 haec
2215 4595 2292 4646 ut
2348 4601 2433 4647 ex
2479 4605 2597 4647 nu-

1167 4797 1335 4869 2012.
1363 4797 1564 4857 LXIX.
1598 4800 1761 4872 §.5.‚
