4509 5584
1027 503 1133 561 n
1942 564 1957 575 ,
2143 451 3263 599 ΡΒΑΕΓΑΤ1α’

1032 682 1193 767 nisi
1225 674 1700 766 institutum
1736 674 1961 765 istud
1998 676 2487 791 placuisset,
2535 681 2953 799 quomodo
2993 683 3275 767 enasci
3311 685 3722 795 potuisset
3759 717 4166 804 magnum

1024 818 1235 903 illud
1291 820 1689 911 volumen
1708 887 1731 926 ‚
1794 842 2193 930 magnum
2243 816 2560 901 scilicet
2622 816 2996 903 malum?
3066 825 3362 934 Atque·
3396 820 3608 917 haec
3664 838 3764 910 ut
3811 829 4164 915 molesta

1025 971 1223 1042 sunt
1241 1026 1267 1067 ,
1311 958 1428 1042 ita
1476 956 1705 1040 aliud
1742 955 2007 1040 multo
2049 948 2860 1068 perniciosissimum
2923 955 3119 1041 Dixi
3165 986 3417 1072 supra
3430 1023 3459 1066 ‚
3513 959 3604 1046 in
3658 961 4168 1054 Motellianis

1020 1094 1155 1178 his
1209 1090 1515 1180 tabulis
1562 1094 1869 1179 Goltzii
1913 1093 2299 1207 exemplo
2359 1074 2636 1207 partes
2681 1092 3013 1180 anticas
3030 1161 3057 1206 ‚
3121 1095 3323 1183 sive.
3345 1097 3620 1213 capita
3680 1105 3790 1187 ab
3851 1106 4170 1191 aversis

1023 1232 1371 1345 seorsim
1413 1230 1809 1316 exhiberi.
1883 1231 2013 1315 Ad
2061 1231 2217 1315 hos
2254 1258 2459 1346 ergo
2498 1256 2884 1317 censores
2929 1261 3127 1318 cum
3169 1236 3659 1347 pertineret,
3718 1265 3919 1322 cum
3971 1265 4169 1352 par-

1022 1374 1251 1458 tibus
1268 1370 1598 1454 aversis
1639 1366 1967 1454 nonnisi
2008 1394 2251 1454 veras
2267 1430 2294 1475 ,
2348 1370 2904 1483 probatasque
2939 1383 3226 1483 partes
3266 1372 3583 1459 anticas
3627 1403 4160 1489 componere,

1020 1538 1321 1626 parum
1355 1506 1718 1623 religiosi
1766 1535 1965 1590 cum
2005 1506 2167 1590 illis
2212 1506 2527 1591 anticas
2572 1508 2827 1593 etiam
2874 1535 3104 1594 mere
3149 1509 3637 1599 Goltzianas
3682 1513 4160 1630 junxerunt.

1019 1651 1139 1734 {ta
1182 1646 1694 1760 Schlegolius
1744 1671 2094 1732 numum
2138 1643 2328 1728 Iulii
2367 1644 2744 1730 Caesaris
2791 1645 2956 1731 tab.
2987 1646 3111 1732 lv,
3161 1677 3369 1734 num
3394 1656 3503 1745 51
3552 1650 3672 1736 sic
3714 1649 4163 1737 describit:

696 1870 881 1957 ,ὲ
1020 1773 1476 1900 fffflom

1224 1920 1512 2028 Caput
1551 1916 1965 2003 Caesaris
2003 1917 2530 2018 laureatum,
2588 1913 2765 2000 vel:
2827 1916 2918 2001 C.
2965 1914 3398 2003 CAESAR.
3451 1920 4030 2008 DICTATOR.

1226 2059 1519 2167 Caput
1553 2055 1964 2137 Caesaris
2004 2058 2514 2137 laureatum.
4083 2095 4088 2099 ·

1008 2195 1107 2279 L.
1142 2194 1679 2281 LlVINElVS.
1730 2193 2240 2281 REGVLVS.
2313 2193 2659 2276 Taurus
2705 2212 3200 2304 cornupeta.

1199 2345 1479 2429 Altera
1519 2341 1792 2427 antica
1832 2342 2276 2459 conjuncta
2311 2367 2515 2425 cum
2552 2337 2714 2422 hac
2750 2365 3040 2429 aversa
3083 2337 3524 2425 Goltziana
3562 2355 3731 2451 est,
3786 2342 4160 2459 religiosi

1017 2482 1467 2596 antiquarii
1502 2492 1831 2566 tantum
1876 2478 2238 2637 priorem
2275 2488 2709 2563 noverunt.
2772 2478 2942 2562 Cur
2984 2503 3194 2590 ergo,
3234 2478 3507 2562 antica
3545 2493 3927 2594 suspecta
3963 2484 4158 2592 jun-

1017 2619 1246 2735 gitur
1281 2648 1477 2704 cum
1513 2644 1805 2706 aversa
1843 2616 2163 2703 sincera
2195 2614 2286 2701 in
2323 2646 2424 2700 eo
2470 2626 2873 2722 tractatu,
2910 2614 3001 2697 in
3044 2643 3211 2728 quo
3252 2615 3359 2698 de
3401 2618 3781 2730 genuinis
3819 2631 4154 2704 tantum

1015 2753 1345 2873 agitur²
1423 2769 1571 2844 aut
1616 2756 1689 2842 si
1735 2755 1961 2877 istud
2005 2753 2358 2870 placuit,
2427 2779 2587 2837 <mr
2626 2780 2796 2839 non
2836 2750 3116 2837 addito
3159 2750 3395 2867 signo
3451 2768 3879 2867 monetur,
3961 2784 4159 2841 eam

1017 2895 1446 3009 antiquam
1481 2891 1829 3009 reperiri
1857 2892 1952 2979 in
1985 2920 2158 2978 uno
2200 2870 2582 3015 Goltzio.
2550 2886 2592 2943 ²
2638 2893 2771 2974 An
2802 2890 3147 3004 perinde
3180 2891 3688 3002 habendum,
3727 2920 4156 3008 quaecun-

1016 3061 1184 3147 que
1242 3032 1583 3118 demum
1636 3032 1909 3118 antica
1952 3060 2151 3116 curn
2197 3056 2487 3115 aversa
2522 3025 2926 3113 sociatur
2899 3025 2941 3081 '²
2996 3029 3426 3115 Morellius
3474 3031 3582 3114 ad
3615 3031 3954 3117 iconem
3989 3029 4151 3115 hu-

1018 3172 1147 3286 jus
1185 3171 1423 3255 numi
1455 3169 1819 3254 anticam
1855 3170 2059 3254 citat
2094 3170 2382 3274 aliam,
2441 3164 2589 3249 sed
2633 3194 2851 3279 quae
2895 3167 3104 3255 item
3141 3168 3233 3254 in
3285 3168 3664 3282 genuinis
3707 3197 4149 3283 nunquam

1021 3336 1220 3390 cum
1263 3307 1422 3390 hac
1476 3330 1765 3392 aversa
1812 3318 2258 3421 comparet.
2307 3394 2314 3397 ,
3647 3408 3670 3415 -

1194 3443 1446 3530 Aliud
1516 3443 2000 3558 exemplum
2075 3442 2616 3529 luculentius:
2722 3443 2852 3528 Ad
2911 3468 3264 3527 numum
3319 3437 3432 3527 Μ,
3484 3443 3758 3529 Mettii
3811 3445 3977 3529 tab.
4015 3442 4145 3545 IV,
4241 3443 4266 3455 ”

1020 3615 1097 3669 n
1132 3588 1250 3671 52
1297 3612 1479 3699 pag.
1520 3567 1640 3674 63
1684 3583 1891 3668 citat
1936 3581 2450 3695 Schlegelius
2508 3592 2676 3665 tres
2716 3580 2985 3667 varias
3037 3580 3349 3667 anticas
3369 3649 3394 3688 ‚
3453 3581 3675 3665 inter
3734 3608 3940 3696 quas
4000 3610 4152 3695 po-

1014 3736 1323 3805 strema
1369 3751 1564 3808 cum
1608 3720 2097 3836 epigraphe:
2160 3718 2593 3805 CAESAR.
2637 3720 2883 3829 COS„
2905 3716 3272 3831 QVINT.
3315 3720 3511 3832 mc„
3553 3710 3854 3804 PERP,
3916 3719 4147 3805 Citat

1016 3861 1273 3976 hujus
1332 3859 1570 3949 numi
1625 3859 1941 3946 indices
2002 3857 2392 3941 Vrsinum
2412 3924 2437 3964 ‚
2505 3856 2936 3964 Patinum,
2999 3835 3516 3966 Mol-ellium,
3584 3856 4142 3942 Vaillantium.

1024 4000 1227 4112 Quis
1276 4028 1442 4084 non
1482 3993 1898 4107 crederet,
1963 3995 2192 4110 apud
2236 3993 2576 4079 eosdem
2618 4009 2999 4080 auctores
3035 4008 3376 4087 exstare
3414 3992 3666 4080 etiam
3709 3982 3939 4079 hunc
3987 4022 4146 4078 nu·-

1020 4166 1258 4221 mum
1293 4165 1489 4220 cum
1526 4134 1749 4222 dicta
1779 4129 2284 4249 epigraphe?
2321 4145 2415 4218 et
2448 4146 2736 4218 tamen
2762 4134 2985 4248 apud
3011 4160 3284 4217 unum
3297 4116 3728 4218 Goltzium
3757 4131 4138 4246 reperias,

1200 4274 1451 4359 Plura
1495 4268 1877 4387 exempla
1920 4299 2025 4357 ex
2066 4272 2398 4384 copiosa
2443 4271 2648 4356 silva
2687 4284 3153 4385 comportet
3167 4340 3193 4381 ,
3261 4271 3402 4357 cui
3435 4298 3738 4383 operae
3774 4261 4142 4383 pretitun

1025 4411 1301 4498 visum
1333 4412 1602 4498 fuerit.
1678 4411 2072 4495 Ceterum
2106 4437 2217 4493 ex
2246 4408 2382 4493 his
2398 4478 2423 4519 ‚
2482 4436 2697 4522 quae
2730 4408 2978 4494 modo
3012 4408 3401 4523 exposui,
3458 4408 3920 4521 intelligere
3951 4406 4146 4521 qui-

1021 4547 1148 4636 vis
1178 4548 1500 4662 potest,
1553 4556 1868 4661 quanta
1915 4545 2006 4633 in
2035 4545 2428 4633 universo
2463 4547 2630 4631 hoc
2657 4556 2955 4661 opere,
3014 4576 3163 4632 seu
3202 4548 3526 4631 tabulas
3563 4558 3927 4661 spectes,
3985 4572 4148 4633 nu-

1021 4692 1520 4801 morumque
1591 4682 1966 4770 ordinem
1985 4753 2010 4794 ‚
2086 4711 2237 4771 seu
2300 4683 2974 4786 commentarios,
3053 4698 3345 4800 regnet
3407 4711 3689 4768 rerum
3759 4685 4142 4770 omnium
