4509 5584
1079 561 1189 636 se

1093 721 1293 806 quod·
1326 719 1390 780 in
1467 714 1777 780 Octaviae
1834 712 2130 777 favorem
2186 735 2223 776 a
2278 726 2578 798 tempore

1089 825 1377 907 signatae
1411 819 1602 903 hujus
1640 830 1939 878 monetae
1978 813 2249 898 petitur.
2405 888 2412 895 ι

1212 924 1325 985 Ait
1367 924 1483 998 II..,
1527 934 1867 1004 praetores
1916 918 1982 978 in
2030 917 2252 980 Sicilia
2282 931 2431 1000 post
2451 938 2581 980 ,exe-

1083 1039 1299 1090 actum
1349 1022 1743 1106 Pom‘pejum
1800 1019 1880 1081 ab
1937 1018 2294 1083 Octaviano
2345 1020 2588 1090 consti-,

1082 1142 1256 1191 tutos
1313 1144 1584 1189 ausuros
1642 1144 1778 1185 nou
1833 1120 2034 1183 fuiss'e
2099 1142 2244 1184 cum
2292 1123 2581 1187 Antonio

1082 1229 1335 1294 sociare
1431 1226 1845 1309 Cleopatram
1921 1224 2227 1305 neglecta
2307 1222 2580 1290 Octavia

1073 1328 1333 1417 patroni
1394 1328 1495 1392 sui
1551 1347 1805 1393 sorore.
1909 1329 2052 1389 Hos
2117 1326 2297 1410 ipsos
2356 1339 2577 1390 autem

1071 1448 1416 1519 praetores
1464 1432 1666 1494 fuisse
1706 1429 1967 1493 Siciliae
2007 1429 2419 1512 praefectos,
2474 1450 2576 1492 ar-

1075 1557 1283 1621 guere
1348 1536 2258 1620 triquetram,.numumque‚
2326 1531 2392 1590 in
2441 1550 2571 1615 quo

1071 1639 1347 1700 Bibulus
1430 1635 1667 1699 dicitur
1742 1632 2183 1694 PROConsul
2250 1632 2570 1696 SICilc'ae.

1072 1739 1313 1805 Omnia
1344 1738 1411 1799 in
1447 1738 1569 1799 hac
1596 1735 1896 1799 ‘oratione
1923 1733 2091 1796 male
2129 1731 2571 1811 cohaerentia,

1069 1856 1212 1904 tum
1257 1853 1483 1924 aperte
1528 1838 1711 1902 falsa.
1802 1837 2190 1912 Trium,.ut
2231 1834 2299 1896 in
2341 1834 2577 1920 praefi-

1070 1966 1158 2007 xo
1203 1943 1503 2023 catalogo
1536 1938 1862 2016 -vidimus,
1943 1936 2255 1999 habemus
2316 1950 2573 2019 praeto-

1071 2066 1218 2106 rum
1279 2061 1508 2104 numos
1564 2040 1883 2124 triquetra
1938 2038 2255 2121 insignes,
2330 2038 2569 2122 Oppii,

1070 2144 1388 2223 Atratini,
1471 2142 1725 2219 Bibuli,
1783 2162 1945 2226 quos
2001 2160 2230 2204 omnes
2286 2140 2342 2202 si
2384 2161 2573 2224 prae-

1069 2262 1253 2310 tores
1300 2245 1566 2308 Siciliae
1614 2256 1882 2319 statuas,
1931 2262 2224 2304 -necesse
2271 2241 2400 2305 erit
2448 2254 2602 2305 sta·-

1067 2364 1261 2413 tuere
1298 2349 1488 2411 etiam
1512 2391 1530 2424 ,
1580 2344 1783 2409 fuisse
1820 2364 2047 2407 omnes
2079 2358 2213 2406 tres
2236 2343 2392 2426 ¹ejus
2419 2364 2573 2426 pro-

1064 2451 1317 2514 vinciae
1379 2461 1724 2533 praetores
1783 2466 1918 2509 uno
1987 2443 2353 2530 eodemque
2380 2467 2570 2510 ·anno

1063 2554 1151 2618 V.
1184 2554 1257 2617 C.
1290 2569 1454 2634 7⁸9,
1515 2570 1649 2612 non
1706 2548 1924 2632 prius,
1976 2567 2128 2610 nam
2176 2546 2330 2611 Sex.
2369 2548 2586 2623 Peme

1065 2655 1254 2738 pejus
1295 2653 1558 2715 nonnisi
1594 2662 2089 2715 exeunteanno
2124 2648 2565 2733 praecedente

1062 2759 1191 2840 718
1248 2756 1459 2819 vietus
1518 2773 1642 2837 per
1700 2772 1852 2816 suos
1896 2763 2084 2813 antea
2126 2750 2429 2814 homines
2470 2751 2567 2813 in·

1064 2861 1245 2921 sulae
1294 2853 1863 2938 resprocuravit,
1922 2872 2055 2913 non
2099 2865 2361 2935 postea,
2415 2875 2564 2917 nam

1064 2982 1234 3022 anno
1295 2971 1613 3043 sequente
1669 2955 1991 3019 Antonius
2032 2953 2174 3036 ,jam
2240 2955 2565 3037 processit

980 3036 997 3049 .
1061 3061 1440 3139 consul‘ll.;
1504 3075 1569 3123 at
1613 3060 1681 3121 in
1732 3055 2020 3121 omnium
2069 3054 2310 3118 horum
2364 3057 2563 3119 trium

1059 3144 1274 3227 numis
1364 3174 1625 3225 notatur
1695 3157 2063 3222 consulatus
2134 3159 2212 3219 11.
2270 3157 2563 3221 nondum

1050 3267 1290 3343 initus,
1350 3282 1590 3345 nempe
1662 3260 1851 3324 COS.
1895 3264 2090 3327 DES.
2133 3265 2367 3326 lTER.
2413 3263 2559 3327 ET.

1063 3368 1264 3431 TER.
1309 3368 1388 3425 In
1429 3383 1629 3425 unum
1672 3382 1833 3426 vero
1874 3386 2111 3427 annum
2155 3377 2292 3426 tres
2342 3363 2559 3429 varios

1060 3466 1398 3551 compingi
1440 3477 1813 3547 praetores,
1858 3487 1941 3528 au
1984 3487 2119 3529 nou
2158 3464 2557 3546 absurdum?

1060 3571 1186 3647 At,
1256 3567 1504 3652 inquit,
1580 3565 1899 3648 triquetra
1979 3566 2240 3630 Siciliae
2302 3562 2562 3651 praeto·

1042 3677 1172 3735 'res
1217 3668 1402 3733 haud
1462 3665 1658 3729 dubie
1719 3668 1955 3751 arguit.
2037 3670 2151 3729 En
2206 3668 2328 3730 tibi
2389 3688 2560 3750 sym·

1056 3774 1287 3837 bolum
1344 3771 1551 3833 hocce
1618 3767 1883 3832 fatalem
1942 3770 2131 3832 illum
2172 3770 2555 3854 scopulum,

1055 3878 1127 3938 in
1215 3894 1345 3960 quo
1428 3871 1647 3936 navim
1728 3871 2010 3937 adlisere
2082 3871 2207 3939 viri
2290 3871 2556 3948 summi,

1060 3973 1529 4061 spanhemius..
1640 3972 2057 4052 Vaillantius,
2161 3976 2555 4039 Havercam

1055 4102 1212 4167 pus»,
1257 4075 1723 4165 Mazzoleuus,
1782 4076 2023 4160 aliique
2062 4097 2334 4153 omnes,
2396 4077 2552 4140 dum

1060 4203 1143 4244 eo
1200 4179 1366 4242 duce
1426 4175 1639 4242 nu'mis
1683 4177 1785 4240 his
1858 4180 2146 4244 Siciliam
2189 4180 2403 4243 natale
2447 4200 2554 4242 so-

1057 4285 1195 4348 lum
1252 4283 1589 4367 imputant.
1640 4280 1879 4357 .Novi,
1956 4282 2342 4366 triquetram
2402 4302 2548 4345 esse
2581 4266 2600 4282 ⁸

1055 4388 1393 4469 vulgatum
1473 4382 1735 4446 Siciliae
1815 4383 2225 4464 symborum,
2290 4398 2356 4447 at
2413 4404 2548 4447 non

1057 4491 1280 4564 solius,
1314 4485 1442 4547 nisi
1476 4498 1545 4546 et
1563 4506 1795 4548 numos
1826 4485 2104 4549 Suessae
2136 4489 2548 4573 Campaniae,

1057 4585 1421 4671 Metaponti
1466 4600 1531 4648 et
1574 4587 1806 4653 Veliae
1850 4588 2247 4667 Lucaniae,.
2292 4592 2544 4674 Aspen-

1131 4802 1191 4870 a)
1232 4796 1300 4854 In
1329 4797 1487 4853 Fam.
1515 4795 1650 4851 Aut.
1688 4806 1892 4870 p.22o.

2241 546 2346 619 M.
2409 543 3040 641 ANTomvs.

2695 714 2763 776 di
2818 713 3272 799 Pamphyliae,
3344 715 3578 800 Selges
3624 715 3955 795 Pisidiae,
4016 710 4193 801 prin·

2696 815 2914 898 cipum
2973 817 3364 881 Olbensium
3427 818 3695 895 Ciliciae
3758 818 3924 883 velis
3980 818 4049 881 in
4095 821 4198 882 Si·

2696 918 2845 980 cilia
2890 939 3037 983 esse
3080 921 3405 1003 signatos,
3456 920 3526 981 in
3569 941 3851 1005 quorum
3883 921 4189 985 omnium

2693 1019 2945 1097 numis,
3001 1035 3098 1083 ut»
3134 1041 3251 1086 suo
3317 1022 3467 1086 loco
3515 1022 3830 1101 diximus,
3895 1023 4194 1085 luculen-

2695 1128 2857 1198 tam‘,
2938 1134 3006 1184 et
3079 1122 3339 1187 Siculae
3412 1122 3809 1187 simillimam
3872 1108 4186 1187 habemus

2691 1223 3104 1307 triquetram.
3189 1225 3397 1303 Novi,
3477 1244 3620 1287 eam
3661 1225 3732 1288 in
3777 1225 4017 1289 Siculis
4070 1247 4190 1290 no·

2690 1335 2831 1387 tare
2877 1324 3006 1388 tria
3044 1324 3295 1389 insulae
3345 1327 3829 1410 promontoria,
3906 1342 3972 1394 at
4012 1327 4189 1392 idem

2689 1425 3057 1509 symbolum
3111 1427 3181 1490 in
3233 1427 3505 1491 aliarum
3564 1429 3912 1514 regionum
3968 1431 4186 1494 numis

2688 1528 2865 1591 aliud
2906 1543 3134 1591 notare
3181 1542 3439 1610 potest,
3483 1551 3556 1593 ac
3603 1531 3820 1594 debet.
3891 1532 4002 1596 Sic
4049 1554 4190 1596 mo·

2686 1624 3066 1713 now'gramma
3113 1631 3254 1697 XP.
3292 1630 3359 1692 in
3397 1632 3611 1709 numis
3658 1632 3993 1697 inferioris
4044 1636 4192 1701 aevi

2687 1746 2917 1795 notare
2941 1732 3304 1809 Christum,
3325 1733 3713 1797 >confessum
3748 1749 3882 1812 est,
3919 1749 3985 1799 at
4008 1737 4191 1801 idem

2688 1831 2760 1893 in
2838 1834 3052 1896 numis
3118 1835 3653 1898 Ptolemaeorum
3691 1836 3890 1899 aliud
3951 1851 4189 1903 notare

2690 1934 2939 1998 debere
2999 1934 3142 2019 quis
3203 1933 3563 1999 dubitabit?
3639 1938 3746 1999 Ex
3808 1959 3937 2024 quo
3996 1961 4191 2024 appa-

2686 2050 2824 2114 ret,
2861 2035 3255 2120 „triquetram
3303 2037 3574 2100 nimium
3625 2038 3825 2103 fallax
3860 2061 4008 2105 esse
4043 2063 4186 2107 mo·

2685 2150 2877 2201 netae
2923 2138 3183 2200 Siculae
3219 2154 3705 2221 argumentum.
3770 2142 3860 2204 At
3895 2143 4185 2208 Bibulus

2684 2240 2754 2301 in
2787 2262 2987 2304 numo
3022 2240 3219 2303 simili
3253 2240 3490 2303 dicitur
3519 2243 3965 2308 PROConsul
3992 2247 4186 2311 81οἰ-

2684 2343 2858 2419 liae,
2913 2344 3355 2427 magistratum
3402 2363 3566 2427 ergo
3605 2344 3675 2405 hi
3707 2345 3774 2406 in
3813 2347 4034 2411 Sicilia
4067 2348 4206 2421 ob-⁴

2683 2442 2995 2510 tinebant.
3077 2448 3250 2510 Istuc
3293 2447 3482 2510 ibam.
3567 2446 3849 2526 Mirum,
3894 2450 3962 2511 in
4007 2472 4178 2534 quae

2685 2544 2967 2610 absurda
3007 2569 3243 2612 numus
3284 2548 3391 2611 hic
3437 2569 3473 2610 a
3506 2547 3857 2614 Vaillantio
3889 2553 4184 2634 promul-

2685 2661 2867 2731 gatus
2913 2649 3206 2713 eruditos
3250 2649 3582 2717 averterit.
3661 2649 3957 2714 Primum
4000 2655 4188 2721 Vail-

2681 2750 2919 2813 lautius
2975 2765 3203 2834 patere
3249 2772 3345 2815 vex
3401 2754 3528 2814 hoc
3580 2770 3782 2813 numo
3826 2752 3942 2831 ait,
4011 2757 4180 2821 Sici-

2680 2851 2837 2913 liam
2898 2852 3102 2916 fuisse
3144 2858 3214 2916 in
3256 2852 3526 2917 Antonii
3563 2866 3928 2936 potestate,
3997 2859 4183 2942 quod

2678 2942 2890 3036 ipsum
2933 2956 3170 3018 Dionis
3237 2976 3499 3040 quoque
3545 2955 3763 3018 verbis
3808 2955 4179 3023 confirmat.

2676 3055 2909 3119 Fuisse
2955 3077 3119 3142 ergo
3156 3058 3465 3120 Bibulum
3510 3056 3591 3118 ab
3637 3058 3924 3122 Antonio
3966 3060 4031 3121 in
4071 3062 4179 3124 Si-

2677 3158 2829 3221 cilia
2895 3160 3316 3223 cons'titutum
3379 3160 3894 3244 proconsulem,
3963 3175 4033 3226 et
4087 3162 4179 3226 ab

2678 3259 3278 3344 hoc·praesentem
3336 3283 3603 3323 numum
3670 3262 3738 3322 in
3802 3263 4022 3327 Sicilia
4065 3286 4183 3328 cu-

2675 3384 2819 3424 sum
2862 3368 2944 3445 ⁸).
2999 3364 3424 3433 Vaillantium
3465 3377 3718 3428 temere
3764 3378 4025 3428 secutus
4071 3382 4184 3431 est

2674 3465 3167 3550 Havercampus
3210 3464 3301 3549 b).
3386 3467 3536 3528 Non
3585 3467 4010 3531 immorabor
4074 3467 4180 3531 in-

2675 3566 3011 3630 consultae
3087 3566 3243 3630 huic
3312 3568 3631 3645 orationi,
3715 3569 3972 3653 quando
4037 3569 4180 3652 jam

2674 3670 3107 3731 Mazzolenus
3153 3668 3410 3733 abunde
3449 3670 3788 3754 probavit,
3839 3694 4177 3756 nunquam

2674 3766 2962 3832 Antonio
2997 3770 3099 3852 jus
3128 3772 3334 3833 ullum
3368 3773 3438 3833 in
3472 3773 3760 3836 Siciliam
3815 3773 4055 3852 fuisse,
4099 3790 4174 3838 et

2671 3869 2903 3933 Dionis
2974 3870 3197 3935 locum
3267 3875 3439 3938 male
3498 3875 3847 3941 Vaillantio
3907 3862 4190 3967 intelle-⁴

2672 3985 2869 4037 ctum.
2966 3971 3188 4037 Aliter
3259 3996 3422 4059 ergo
3499 3976 3796 4058 aenigma
3882 3976 4194 4060 explicat·

2666 4074 3123 4155 Mazzolenus',
3188 4076 3307 4139 sed
3353 4090 3420 4139 et
3462 4076 3654 4140 aliter
3694 4076 3944 4160 peccat.
4017 4081 4164 4159 Ait,

2664 4176 2976 4239 Bibulum
3004 4198 3128 4262 pro
3163 4179 3443 4242 Caesare
3476 4179 3676 4244 fuisse
3713 4181 3975 4246 Siciliae
4008 4203 4163 4265 pro-

2667 4280 3025 4357 consulem,
3054 4280 3342 4365 signasse
3377 4296 3515 4344 tum
3536 4283 3602 4344 in
3634 4303 3711 4345 ea
3751 4284 3961 4347 insula
3981 4284 4159 4349 hunc

2657 4403 2924 4445 numum
2970 4382 3188 4464 juncta
3229 4394 3374 4449 cum
3415 4385 3745 4464 Antonio,
3816 4385 3990 4471 quod
4043 4386 4158 4449 ali-

2658 4498 2766 4547 ter
2828 4483 2977 4546 fieri
3018 4505 3150 4548 non
3193 4500 3483 4570 poterat,
3543 4487 3833 4551 Octavia.
3922 4488 4161 4550 Subin-

2643 4588 2744 4655 .de
2782 4592 2866 4659 V.
2903 4591 2974 4654 C.
3008 4607 3130 4674 7²²
3166 4590 3470 4652 Bibulum
3515 4613 3550 4655 a
3580 4591 3861 4656 Caesare
3906 4591 3988 4654 ad
4027 4593 4162 4653 An-

2041 4795 2113 4869 b)
2153 4796 2233 4853 ad
2263 4796 2491 4856 Morell.
2524 4798 2661 4855 sam.
2691 4817 2751 4875 p.
2772 4810 2863 4861 25.
