4509 5584
890 539 901 550 ’
1016 567 1166 635 208

922 715 925 720 ’
1010 711 1173 805 quis
1207 719 1355 782 cu'in
1393 716 1551 800 Gaj‘o
1586 715 1903 799 Caligula
1927 714 2218 800 partibus
2264 730 2367 780 est
2407 736 2513 780 re·

1020 823 1217 886 lictus
1263 821 1360 901 ⁸),
1425 831 1499 882 et
1551 839 1824 882 consors
1882 817 2146 901 imperii
2203 820 2514 882 constitu·

1022 936 1129 985 tus
1167 919 1257 1005 ¹³),
1319 922 1569 990 Verum
1614 921 1781 983 hanc
1818 920 2069 982 Tiberii
2108 922 2513 985 voluntatem

1014 1022 1321 1108 Galigula
1376 1017 1726 1105 imperium
1784 1022 2057 1106 adeptus
2119 1043 2274 1085 mox
2330 1043 2514 1100 sena·

1022 1124 1429 1189 tusconsulto
1485 1124 1725 1187 evertit
1774 1122 1979 1187 fratre
2025 1125 2307 1208 imperio
2359 1144 2516 1187 exu-

1022 1240 1128 1303 to,
1174 1223 1503 1308 adoptavit
1542 1245 1695 1286 eum
1732 1237 1980 1304 tamen,
2026 1247 2100 1290 ac
2144 1227 2513 1312 principem

1016 1328 1377 1409 ‘juventutis
1434 1325 1595 1388 dixit
1643 1330 1746 1409 0,)
1822 1326 1945 1389 sed
2007 1348 2162 1392 mox
2228 1328 2518 1412 quaesita

1020 1449 1211 1492 eausa
1253 1426 1589 1491 interfecit
1624 1428 1705 1492 V.
1739 1427 1814 1493 C.
1845 1448 1981 1520 7qq
2007 1427 2093 1511 d).
2134 1431 2330 1513 Lege
2363 1427 2520 1489 Phi-

1015 1530 1242 1593 ionem
1300 1527 1611 1591 Iudaeum
1666 1527 2002 1593 infelicem
2065 1531 2321 1614 juvenis
2382 1530 2519 1593 exi-

1020 1645 1158 1695 tum
1198 1630 1449 1714 tragice
1485 1630 1971 1693 describentem
2004 1633 2085 1715 0.)
2128 1633 2326 1715 Lapis
2367 1652 2520 1717 pro-

1020 1751 1108 1816 po
1147 1745 1398 1815 portam
1430 1731 1815 1796 Flaminiam
1857 1752 2072 1815 nuper
2107 1731 2442 1796 effossus
2422 1754 2521 1795 m·

1023 1835 1289 1900 felicem
1327 1834 1498 1895 hunc
1536 1832 2024 1895 adolescentem
2063 1853 2146 1897 eo
2178 1834 2329 1897 loco
2362 1834 2518 1897 fuis-

1024 1957 1096 1999 se
1141 1935 1468 2020 sepultum
1512 1947 1786 1998 testatur
1828 1933 1957 1997 boc
2013 1922 2514 2022 epigrammatez

2156 497 2982 623 GE'RMAMCVS.

2637 717 2772 780 Tib.
2809 717 3060 780 Caesae·-
3090 714 3307 778 Drusi
3349 715 3660 779 Caesaris
3690 713 3761 780 F.
3795 713 3909 779 Ῐιίσ
3944 716 4118 780 situs

2626 831 2730 882 est
2767 816 2846 901 f).

3225 997 3520 1066 Numi:

2754 1119 2980 1205 Capita
3013 1119 3299 1197 Tiberii,
3344 1134 3413 1184 et
3443 1122 3522 1182 N.
3558 1116 3939 1185 Amaltheae
3973 1139 4119 1184 cor·

2628 1223 2743 1286 nni
2775 1224 3107 1307 imposita,
3139 1222 3383 1308 absque
3420 1235 3634 1286 tamen
3667 1221 4116 1307 inscriptione,

2631 1337 3016 1407 comparent
3073 1323 3141 1384 in
3197 1322 3409 1384 numia
3476 1325 3697 1388 aeneis
3758 1328 3809 1391 1.
3866 1324 4119 1386 formae

2629 1425 2834 1488 Drusi
2867 1422 3163 1487 Caesaris
3194 1424 3436 1507 patris,
3478 1445 3646 1511 quoa
3675 1447 3871 1509 supra
3902 1425 3973 1488 in
4004 1426 4123 1489 bu·

2628 1527 2733 1612 jus
2763 1538 3030 1590 moneta
3061 1524 3400 1611 descripsi.

2757 1628 3118 1713 Vtriusque
3149 1627 3344 1692 etiam
3376 1639 3570 1713 caput
3598 1625 3676 1689 in
3695 1647 3902 1694 numo
3924 1625 4126 1694 Grae·

2631 1750 2713 1795 co
2748 1728 2982 1798 videre
3024 1729 3148 1791 sibi
3186 1732 3362 1794 visus
3406 1743 3508 1794 est
3545 1729 3952 1807 Harduinus,
4005 1728 4123 1793 sed

2631 1853 2820 1919 quam
2855 1821 3472 1916 sententiam'supra
3501 1831 3570 1894 in
3603 1833 3900 1918 ejusdem
3925 1833 4127 1897 Drusi

2629 1934 2850 1999 numia
2877 1930 3238 1999 confutavi.

2185 2211 2974 2282 GERMANIGVS.

1154 2380 1353 2441 Natus
1385 2380 1606 2440 Druso
1636 2378 1931 2456 seniore,
1979 2392 2049 2442 et
2082 2379 2365 2444 Antonia
2400 2382 2518 2442 mi-

1026 2501 1190 2542 nore
1236 2481 1319 2544 V.
1359 2480 1431 2544 C.
1474 2478 1638 2561 739,
1710 2501 1858 2540 nam
1911 2481 1994 2548 V.
2032 2481 2103 2542 C.
2148 2499 2315 2565 772,
2384 2503 2516 2567 quo

1028 2593 1318 2642 mortuus
1404 2593 1545 2657 est,
1648 2580 1885 2664 agebat
1966 2601 2202 2644 annum
2290 2584 2528 2646 aetatis

1027 2684 1303 2745 XXXII
1343 2683 1425 2764 κ).
1499 2681 1874 2745 Germanici
1929 2701 2173 2746 nomen
2231 2685 2426 2745 traxit
2479 2707 2516 2746 a

912 2833 919 2862 ,
1026 2797 1213 2867 patre
1258 2785 1358 2845 D2
1365 2802 1518 2859 uso,
1580 2795 1653 2844 ut
1702 2804 1896 2867 supra
1950 2785 2016 2845 in
2066 2785 2262 2868 hujus
2305 2786 2517 2847 numis

1029 2885 1294 2947 dictum.
1378 2885 1463 2951 V.
1510 2883 1582 2948 C.
1633 2887 1761 2967 757
1824 2884 2162 2968 adoptatus
2225 2908 2263 2949 a
2327 2886 2525 2949 Tibe·

1030 2988 1133 3048 rio
1178 2984 1456 3070 Augusti
1498 2985 1712 3067 jussu,
1759 2986 1998 3048 Caesar
2032 2987 2290 3050 Tiberii
2329 2987 2527 3063 filius,

1034 3088 1315 3170 Augusti·
1369 3107 1575 3170 nepos
1626 3084 1948 3169 appellari
2001 3088 2241 3171 coepit.
2328 3091 2412 3155 V.
2449 3092 2527 3156 C.

1033 3190 1163 3271 760
1190 3202 1603 3272 quaesturam
1635 3185 1829 3261 obiit,
1870 3201 1938 3251 et
1970 3189 2243 3252 Tiberio
2278 3189 2360 3251 ad
2393 3188 2533 3252 bel·

1033 3290 1171 3351 lum
1205 3287 1635 3351 Dalmaticum
1696 3287 1985 3351 subsidio
2021 3291 2257 3354 missus
2298 3304 2401 3354 est
2435 3289 2530 3373 h).

1035 3392 1137 3452 Ex
1183 3390 1382 3464 rebus
1425 3387 1554 3453 hoc
1593 3387 1774 3453 bello
1818 3391 2165 3474 praeclare
2195 3392 2399 3476 gestis
2436 3392 2535 3454 in-

1039 3494 1247 3578 signia
1295 3489 1745 3572 triumphalia,
1796 3502 1864 3554 et
1910 3494 2277 3576 praetorios
2328 3494 2536 3557 hono-

1038 3615 1150 3657 res
1197 3593 1439 3655 meruit
1482 3592 1573 3657 V.
1595 3591 1669 3655 C.
1710 3592 1835 3673 763
1879 3592 1951 3676 i).
2012 3596 2207 3658 Anno
2258 3615 2537 3679 sequen·

1037 3712 1114 3768 te.
1165 3719 1288 3772 una
1350 3717 1497 3760 cum
1557 3696 1829 3759 Tiberio
1894 3696 2348 3778 proconsulari
2417 3698 2534 3761 im·

1040 3798 1229 3883 perio
1277 3797 1345 3857 in
1394 3797 1809 3861 Germaniam
1858 3797 1937 3861 ad
1983 3796 2365 3880 expiandam
2402 3801 2532 3866 Va·

1042 3902 1102 3963 ri
1138 3899 1410 3963 caedem
1449 3898 1947 3985 impressionem
1991 3898 2145 3964 facit
2184 3896 2276 3978 Ι0).
2335 3900 2418 3967 V.
2452 3902 2527 3967 C.

1043 4006 1169 4088 7⁶5
1201 4003 1467 4081 consul,
1513 4004 1639 4085 767
1677 4001 1798 4064 sub
1835 3999 2114 4086 Augusti
2155 3999 2402 4063 exitum
2436 4002 2531 4065 le-

1046 4106 1355 4192 gionibus
1379 4103 1548 4191 apud
1581 4102 1883 4170 Rhenum
1922 4103 2262 4188 impositus
2295 4104 2532 4167 utrius·

1044 4228 1171 4294 que
1272 4209 1608 4273 exercitus
1697 4207 2087 4273 seditionem
2188 4206 2530 4270 Tiberium

1046 4314 1439 4391 aversantis,
1480 4324 1674 4396 atque
1714 4309 2065 4394 ipsummet
2105 4308 2386 4392 imperio
2426 4307 2536 4373 ad-

1125 4503 1187 4574 a)
1227 4499 1388 4556 Suet.
1415 4497 1475 4554 in
1500 4496 1637 4555 Tib.
1668 4516 1802 4573 cap.
1829 4494 1934 4554 ult.

1055 4591 1246 4668 Calig.
1279 4599 1326 4645 'c.
1355 4600 1438 4652 15.
1477 4586 1590 4643 Dio
1626 4586 1692 4644 L.
1717 4585 1866 4644 LIX.
1890 4590 1943 4657 ᾧ.
1964 4596 2018 4650 8.

1052 4701 1116 4758 p.
1136 4689 1244 4752 549
1272 4698 1397 4755 seq.
1543 4676 1597 4746 ί)
1634 4676 1884 4753 Poggini
1916 4676 2078 4734 Fasti
2097 4675 2295 4735 Verrii
2316 4695 2377 4752 p.
2401 4688 2522 4740 132.

1055 4772 1107 4846 i)
1145 4769 1258 4826 Dio
1287 4768 1353 4828 L.
1374 4765 1524 4826 LVI.
1558 4769 1610 4839 §.
1636 4779 1719 4829 ²7·
1862 4764 1933 4839 k)
1969 4764 2083 4823 Dio
2110 4762 2151 4822 l.
2172 4783 2223 4823 c.
2253 4767 2310 4838 §.
2329 4776 2417 4830 25.

2081 4495 2155 4571 b)
2190 4493 2306 4553 Dio
2336 4491 2568 4554 Lux.
2602 4499 2653 4568 ᾧ.
2679 4509 2730 4555 t.
2777 4495 2946 4553 Philo
2981 4495 3057 4551 de
3089 4494 3262 4572 legat.
3295 4497 3374 4553 ad
3404 4497 3633 4572 Cajum.

2235 4586 2307 4659 d)
2348 4586 2508 4642 Suet.
2540 4584 2602 4642 in
2634 4583 2763 4643 Cal.
2797 4605 2847 4644 c.
2867 4597 2958 4650 23.
2994 4586 3106 4641 Dio
3139 4584 3178 4643 l.
3200 4606 3250 4644 c.

2630 2397 2903 2445 movere
2958 2374 3276 2453 volentis,
3337 2375 3611 2460 sopivit,
3674 2377 3988 2455 minatus,
4045 2374 4119 2437 ni

2631 2481 3018 2556 absisteret,
3071 2499 3143 2541 se
3197 2478 3266 2538 in
3323 2477 3423 2540 sui
3477 2478 3746 2542 caedem
3792 2491 4117 2563 paratum,

2631 2595 2858 2666 atque
2872 2578 3099 2646 effecit
3138 2580 3530 2657 constantia,
3582 2593 3653 2642 ut
3687 2580 3870 2643 haud
3915 2578 4126 2641 multo

2631 2696 2781 2768 post
2850 2683 2921 2744 in
2993 2681 3245 2744 Tiberii
3310 2680 3512 2745 verba
3581 2682 3852 2763 juraret.
3938 2681 4136 2776 Quae.

2637 2782 2912 2848 subinde
2999 2784 3371 2848 continuato
3457 2783 3846 2847 Germaniae
3929 2782 4129 2857 bello

2639 2886 2979 2971 praeclare
3026 2886 3343 2969 gesserit,
3392 2905 3686 2969 quosque
3727 2886 3882 2949 inde
3932 2887 4134 2949 hono·

2641 2993 2752 3050 res
2796 2987 3174 3064 abstulerit,
3233 2987 3301 3048 in
3345 2985 3599 3049 Tiberii
3651 2986 3988 3050 annalibus
4042 2986 4135 3049 di·

2647 3103 2830 3173 gesta
2903 3103 3071 3153 sunt.
3156 3089 3240 3155 V.
3287 3089 3358 3150 C.
3413 3111 3533 3170 77¹
3604 3090 3833 3152 consul
3893 3089 4133 3153 iterum

2646 3187 2818 3272 apud
2863 3189 3214 3273 Nicopolin
3254 3188 3541 3253 Achaiae
3561 3190 3893 3273 procedit
3935 3187 4020 3273 ¹),
4070 3205 4140 3255 et

2646 3291 2912 3375 quidem
2960 3292 3238 3375 conlega
3281 3288 3587 3366 Tiberio,
3653 3291 4015 3375 missusque
4069 3293 4135 3354 in

2647 3390 2999 3455 Orientem
3044 3392 3375 3454 Artaxiam
3423 3392 3774 3455 Armeniae
3818 3393 4136 3477 praeficit,

2647 3491 3121 3575 Cappadociam
3181 3506 3246 3556 et
3301 3494 3808 3578 Commagenem
3861 3496 3931 3556 in
3987 3517 4135 3580 pro·

2648 3593 2928 3658 vinciam
2969 3592 3250 3679 redigit,
3294 3595 3376 3661 V.
3416 3596 3487 3657 C.
3520 3615 3644 3677 772
3689 3596 4025 3680 profectus
4064 3600 4135 3662 in

2646 3696 3017 3779 Aegyptum
3134 3697 3631 3777 cognoscendae
3742 3699 4136 3784 antiquitatis

2647 3815 2872 3874 causa,
2927 3817 3011 3859 ex
3069 3797 3190 3862 hac
3248 3800 3315 3859 in
3373 3800 3661 3881 Syriam,
3717 3801 3973 3863 Pisonis
4017 3801 4134 3885 Sy-

2642 3896 2780 3959 riae
2819 3898 3170 3981 praefecti,
3222 3900 3490 3984 ejusque
3530 3899 3749 3963 uxoris
3781 3901 4127 3968 Plancinae

2641 4000 2944 4080 injurias,
3002 4002 3463 4080 contumelias,
3523 4004 3723 4066 malas
3766 4016 3940 4066 artes
3981 4026 4133 4089 per-

2644 4123 2907 4187 pessus,
2971 4124 3188 4188 neque
3243 4124 3627 4190 quacunque
3679 4104 4128 4171 moderatione

2646 4205 2982 4269 declinare
3062 4206 3284 4271 valens
3355 4208 3421 4268 in
3501 4207 3799 4271 morbum
3876 4208 4132 4287 incidit,

2649 4308 2832 4392 cujus
2891 4307 3026 4372 vim
3080 4306 3358 4392 augebat
3412 4310 3750 4390 persua-sio
3806 4311 4049 4376 veneni
4097 4333 4137 4376 a

3780 4499 3843 4569 c)
3884 4498 4044 4556 Suet.
4074 4497 4141 4555 in

3467 4589 3535 4659 e)
3573 4588 3774 4664 Legat.
3812 4586 3894 4644 ad
3927 4587 4140 4664 Caium

2669 4677 2734 4750 g)
2775 4675 2939 4732 Suet.
2964 4678 3026 4731 in
3055 4674 3183 4733 Cal.
3217 4688 3336 4737 c.1.
3483 4676 3556 4753 h)
3590 4678 3707 4736 Dio
3734 4677 3942 4750 L.1.‚V.
3976 4680 4139 4751 §.zm

2560 4763 2613 4839 l)
2653 4765 2796 4823 Tac.
2818 4765 2974 4823 Anu.
2994 4765 3068 4825 11.
3095 4759 3186 4830 53.
