4509 5584
998 585 1156 664 226

995 768 1125 834 que
1203 764 1431 811 omnes
1482 743 1667 809 cultu
1729 725 1832 806 est
1891 740 2212 820 imitatus,
2299 742 2508 806 factus

2252 570 2788 648 CALIGVL
2808 571 2899 645 A.

2750 740 3034 804 Numum
3067 739 3240 807 hune
3263 740 3474 809 edidit
3499 744 3824 827 mollius,
3871 748 3983 833 qui
4016 748 4127 814 ad·

947 853 1124 934 ‚jam
1165 848 1493 934 Iuppiter,
1566 845 1901 924 Bacchus,
1960 843 2323 921 Hercules,
2382 844 2509 927 jam
2623 839 2875 921 firmat,
2930 864 3064 907 nou
3118 865 3265 909 esse
3327 847 3800 912 subaeratum.'
3868 853 4122 918 Tamen

991 955 1189 1028 Iuno,
1269 951 1506 1025 Diana,
1578 948 1830 1017 Venus.
1918 949 2153 1033 Neque
2221 946 2502 1009 defuere

993 1054 1120 1117 sibi
1172 1049 1687 1117 consecrationis
1746 1070 2000 1115 causae.
2086 1050 2253 1113 Nam
2297 1048 2502 1126 sicut,

993 1156 1354 1241 inquiebat,
1448 1152 1727 1216 aliorum
1799 1172 2082 1236 gregum
2168 1149 2497 1235 magistri,

992 1253 1300 1334 bubulci,
1373 1254 1728 1337 opiliones,
1797 1253 2101 1337 non-ipsi
2144 1265 2253 1316 aut
2294 1252 2502 1317 boves

996 1371 1176 1437 aunt,
1219 1369 1332 1421 aut
1373 1356 1646 1434 arietes,
1713 1356 1806 1420 sic
1851 1369 1919 1419 et
1960 1377 2033 1419 se
2081 1354 2347 1440 generis
2390 1353 2509 1418 hu-

995 1459 1172 1524 mani
1227 1456 1575 1523 custodem
1619 1457 1993 1522 hominibus
2032 1459 2372 1541 praestare
2423 1458 2503 1538 ⁸.)

986 1564 1267 1625 Pontem
1326 1560 1597 1627 navibus
1652 1560 1890 1643 junctis
1949 1582 1986 1624 a
2047 1560 2347 1623 Puteolis
2407 1558 2491 1623 ad

990 1666 1236 1728 Baulos
1297 1662 1559 1737 stravit,
1622 1680 1904 1744 eumque
1968 1680 2119 1724 cum
2173 1659 2492 1724 militibus

986 1767 1325 1849 ingressus
1362 1762 1683 1825 Puteolos
1717 1763 2047 1828 hostiliter
2078 1761 2347 1838 invasit,
2391 1782 2498 1827 re-

991 1886 1386 1952 gressusque
1430 1884 1550 1947 per
1581 1862 1862 1927 eundem
1899 1880 2002 1927 est
2036 1864 2492 1948 triumphantis

984 1990 1174 2032 more
1214 1963 1590 2058 Alexander
1641 1968 1733 2028 M.
1783 1965 1913 2030 dici
1947 1966 2254 2052 gestiens.
2313 1969 2493 2031 Insa·

982 2072 1091 2133 nis
1143 2069 1247 2133 his
1305 2067 1746 2131 moliminibus
1807 2091 1941 2133 non
2002 2082 2139 2134 toto
2182 2081 2487 2133 vertente

986 2191 1156 2234 anno
1219 2171 1526 2233 relictum
1585 2192 1621 2233 a
1676 2170 1950 2236 Tiberio
1989 2171 2191 2238 vicies
2238 2191 2316 2234 ac
2352 2187 2499 2254 sep·

984 2273 1113 2335 ties
1150 2271 1392 2335 millies
1440 2272 1572 2338 IIS.
1624 2270 1995 2356 absumpsit.
2074 2272 2358 2357 Reliqua
2401 2271 2499 2334 in-

990 2373 1328 2440 credibilis
1362 2374 1704 2451 saevitiae,
1751 2393 1826 2437 ac
1867 2372 2156 2437 libidinis
2188 2374 2495 2458 exempla

989 2476 1103 2563 qui
1131 2476 1351 2552 volet,
1380 2496 1464 2539 ex
1499 2474 1849 2553 Suetonio,
1884 2474 2202 2552 Philone,
2238 2490 2307 2540 et
2331 2477 2494 2540 Dio-

983 2600 1070 2643 ne
1119 2591 1335 2663 petat,
1394 2590 1462 2640 et
1501 2576 1673 2639 infra
1715 2597 1799 2639 ex
1843 2596 2150 2640 sororum
2187 2577 2366 2662 ejus,
2413 2598 2493 2642 ae

980 2701 1264 2744 uxorum
1301 2679 1474 2742 serie
1510 2691 1823 2761 poterunt
1850 2677 2105 2762 colligi.

1114 2783 1188 2847 C.
1222 2780 1591 2844 CAESAR
1649 2778 1856 2845 AVG.
1923 2778 2130 2844 PON.
2201 2783 2296 2845 M.
2346 2782 2489 2845 ΤΒ.

976 2879 1186 2949 ΡΟΤ.
1232 2880 1895 2947 1111.COS.11r1.in
1933 2881 2076 2947 AR.
2121 2895 2351 2946 vetere
2394 2867 2493 2967 ty'-

977 3004 1069 3068 po
1096 2982 1391 3046 Coronae
1423 3003 1744 3062 quernae,
1780 2982 1924 3068 vel.
1965 2985 2214 3066 capitis
2247 2986 2491 3067 Augu-

986 3088 1083 3150 sti
1090 3085 1384 3149 radiati.
1430 3087 1630 3166 (Mus.
1661 3078 1882 3163 Caes.)

1268 3187 1345 3251 0.
1371 3187 1736 3248 CAESAR.
1759 3185 1967 3252 DIVI.
1986 3182 2196 3252 A'VG.
2216 3183 2484 3250 PRON.

1218 3287 1476 3355 AVG.
1513 3288 1581 3353 S.
1619 3288 1691 3352 C.
1733 3286 1961 3347 Pileus
1991 3286 2353 3352 libertatis.

985 3385 2481 3484 COS.QVAT.(sic)PON.M.Tn.P.1111.

977 3494 1054 3558 P.
1088 3493 1201 3568 P.,
1256 3496 1330 3555 in
1361 3494 1613 3554 medio:
1660 3489 1852 3553 RCC.
1925 3489 2068 3554 AE.
2120 3490 2230 3554 111.
2278 3492 2479 3572 (Mus.

977 3596 1205 3678 Caes.)

894 3835 899 3838 ,
976 3777 1241 3851 Numae
1286 3775 1640 3859 Caligulae
1696 3786 1853 3859 post
1902 3775 2044 3852 ejus
2074 3787 2350 3839 mortem
2389 3779 2480 3841 si-

1583 3908 1858 3977 gnatus.

1259 4100 1334 4166 0.
1371 4099 1739 4164 CAESAR.
1802 4098 2009 4167 AVG.
2070 4098 2346 4167 GERM.
2392 4099 2470 4165 P.

1044 4222 1052 4230 ·
1255 4205 1350 4267 M.
1382 4204 1524 4266 ΤΒ.
1556 4200 1763 4265 ΡΟΤ.
1818 4203 2034 4282 Caput
2067 4203 2469 4266 laureatum.

979 4304 1432 4371 T1.CL.¹WD.
1461 4303 1829 4368 CAESAR.
1854 4287 2058 4373 AVG.
2092 4306 2171 4370 P:
2213 4306 2306 4366 ιι.
2330 4306 2471 4370 TR.

971 4409 1181 4478 ΡΟΤ.
1229 4409 1408 4469 ΙΜΡ.
1456 4407 1571 4473 VI.
1631 4405 1847 4485 Caput
1896 4405 2169 4471 Claudii
2209 4409 2475 4468 laurea-

974 4522 1141 4574 tum.
1208 4510 1350 4570 AR.
1396 4509 1599 4590 (Mus.
1643 4506 1874 4589 Apost.
1918 4506 2138 4584 Zeno,
2181 4527 2355 4572 nune
2401 4507 2469 4570 S.

971 4609 1323 4693 Floriani.)
1502 4631 1505 4634 ’

1045 4822 1111 4892 a)
1149 4815 1322 4878 Philo
1350 4816 1551 4894 Legat.
1580 4815 1660 4875 ad
1688 4815 1814 4892 Caj.
1838 4835 1900 4894 p.
1920 4817 2043 4881 5⁵6.

2192 4812 2265 4888 b)
2306 4809 2516 4891 Suppl.
2546 4810 2622 4872 ad
2647 4811 2821 4876 Vaill.
2852 4833 2913 4892 p.
2939 4821 3025 4879 18.

2619 943 2890 1007 dubium
2931 968 3068 1010 non
3112 947 3404 1027 videtur,
3457 950 3911 1018 intercessisse
3945 950 4121 1042 irau-

2620 1043 2775 1107 ‹lem
2814 1047 3097 1134 aliquam
3142 1070 3262 1113 seu
3301 1071 3574 1132 novam,
3631 1074 3750 1118 seu
3797 1067 4117 1121 veterem.

2614 1147 2834 1211 Nimio
2881 1149 3055 1212 enim
3117 1165 3372 1214 certum
3414 1168 3549 1232 est,
3608 1154 3949 1219 Claudium
3980 1155 4121 1235 Caii

2611 1251 2976 1315 memoriae
3007 1252 3248 1330 fuisse,
3281 1268 3350 1318 et
3387 1275 3532 1324 esse
3568 1253 3875 1320 deb'uisse
3907 1256 4117 1321 infen-

2621 1374 2807 1432 sum,
2864 1375 3082 1439 neque
3145 1355 3319 1420 ullus
3374 1357 3687 1422 hactenus
3749 1358 3961 1423 editus
4018 1374 4121 1424 est

2617 1473 2855 1519 numus
2898 1458 3154 1522 Claudii
3206 1480 3357 1525 cum
3403 1458 3595 1525 titulo
3629 1460 4119 1539 mP.V1.‚nt

2604 1558 2740 1646 jam
2814 1557 3188 1625 observavit
3246 1560 3551 1624 Khellius
3591 1560 3893 1644 1>).Αι1
3945 1562 4112 1627 haec

2605 1671 2853 1722 tantum
2892 1660 3131 1739 abfuit,
3181 1674 3254 1724 ut
3285 1661 3559 1725 Claudio
3600 1645 3963 1747 imperante
3992 1686 4112 1729 nu·

2609 1761 2704 1823 -mi
2740 1782 2887 1825 eum
2930 1760 3266 1845 Caligulae
3299 1763 3511 1847 capite
3547 1765 3995 1851 signarentur,
4037 1779 4113 1829 ut

2599 1863 2807 1924 etiam
2832 1882 3059 1926 omnes
3091 1865 3271 1927 numi
3299 1866 3520 1943 aenei,
3558 1868 3668 1951 qui
3707 1868 3847 1950 ejus
3883 1867 4106 1953 imagi-

2605 1984 2757 2027 nem
2796 1965 3246 2047 praeferrent,
3293 1967 3565 2031 conssari
3593 1969 3983 2051 juberentur
4014 1973 4108 2051 0),

2599 2065 2782 2148 quod
2808 2066 3050 2134 factum
3080 2066 3261 2132 idem
3285 2068 3373 2133 ad
3392 2068 3782 2134 abolendam
3805 2070 3946 2154 ejus
3978 2091 4112 2136 me-

2605 2168 2884 2233 moriam
2923 2181 3219 2237 testatur.

2831 2403 2842 2408 '
2863 2388 3075 2456 Numi
3106 2395 3457 2457 commatis
3484 2395 3846 2477 peregrini.

2741 2555 2815 2618 V
2804 2557 3025 2619 rhium
3060 2557 3444 2624 liberarum.

2727 2675 2979 2737 Harum
3026 2697 3260 2741 numos
3293 2699 3425 2741 non
3460 2676 3912 2763 infrequentes
3950 2682 4100 2744 cnm

2597 2775 2941 2861 Caligulae
2994 2777 3206 2873 capite
3253 2779 3322 2840 in
3376 2779 3687 2864 catalogis
3735 2780 4100 2866 descriptos

2601 2877 2917 2962 reperias.
2962 2879 3261 2963 Insignes
3291 2894 3470 2957 sunt,
3511 2880 3630 2944 sed
3677 2902 3956 2967 quorum
3984 2907 4094 2969 pa-

2601 2979 2793 3044 triam
2829 2980 3042 3045 minus
3075 2994 3263 3047 certo
3291 2993 3630 3046 tenemus·
3610 3027 3629 3046 .

2753 3067 2772 3082 “
2796 3077 3110 3145 ΓΑιοΣ.
3143 3075 3527 3149 ΚΑῙΣΑΡ.
3560 3080 3766 3153 ΣΕΒ.
3803 3081 4090 3154 ΓΕΡΜ.

2799 3180 3011 3249 APx.
3025 3180 3252 3249 ΜΕΓ.
3274 3180 3509 3250 ΔΗΜ.
3528 3183 4091 3254 ΕΞΟΤΣ.ΤΠΑ.

2803 3285 3019 3367 Caput
3047 3288 3295 3348 nudum
3322 3298 3697 3352 transverso
3721 3303 4008 3371 seeptro.

2601 3386 2760 3450 Sine
2782 3386 3160 3469 epigraphe.
3233 3386 3508 3469 Signum
3545 3390 3854 3473 Augusti
3878 3394 3943 3457 d.
3971 3412 4092 3475 pa-

2596 3497 2827 3563 teram,
2855 3508 2908 3548 s.
2927 3488 3196 3550 kastam
3229 3490 3435 3551 sellae
3457 3493 3816 3554 insidentis
3835 3496 3909 3555 in
3931 3513 4089 3573 qua-

2592 3589 2809 3669 drt'gis
2838 3589 3339 3671 elephantorum
3383 3595 3560 3654 inter
3585 3605 3833 3674 septem
3876 3608 4083 3661 astra.

2593 3687 2677 3750 In
2725 3690 2890 3751 aliis
2945 3692 3185 3752 desunt
3232 3692 3418 3754 solae
3469 3694 3856 3776 quadrigae.
3941 3696 4084 3760 AR.

2594 3810 2681 3854 m.
2712 3810 2800 3856 m.
2840 3792 3044 3873 (Mus.
3080 3792 3264 3856 Caes.
3297 3793 3624 3876 Morelli.)

2637 3897 2645 3906 ’
2720 3892 2967 3970 Alius,
3010 3896 3127 3956 sed
3160 3907 3361 3976 eaput
3399 3896 3710 3975 Augusti
3735 3898 4082 3980 ‘radiatum

2588 3998 2768 4057 inter
2794 4009 3039 4076 septem
3070 4008 3277 4061 astra.
3338 3996 3481 4064 AR.
3509 3999 3622 4062 111.
3660 3999 3857 4080 (Mus.
3891 3998 4076 4066 CaeS.

2586 4089 2915 4178 morelli.)
3153 4115 3158 4124 ·
3923 4173 3932 4176 ,

2711 4195 2963 4262 Omnes
2981 4196 3053 4258 hi
3071 4196 3206 4281 typi
3232 4193 3472 4283 exiguo
3505 4197 3877 4265 discrimine
3907 4224 4079 4265 sum·

2583 4298 2678 4382 pti
2728 4313 2876 4362 sunt
2940 4321 3022 4362 ex
3073 4300 3285 4363 numia
3334 4302 3643 4364 Romanis
3690 4325 3724 4365 a
3769 4303 4075 4382 Tiberin,

2585 4414 2653 4464 et
2691 4401 2985 4485 Caligula
3014 4395 3097 4461 'in
3126 4401 3405 4485 Augusti
3446 4403 3769 4466 bonorem
3807 4397 4076 4488 percuR-
4165 4441 4174 4448 ·

2583 4503 2694 4568 sis.
2752 4501 3133 4569 Verisimile
3175 4503 3471 4582 videtur,
3497 4524 3631 4585 ⁸eos
3676 4505 3963 4590 signatos
4005 4510 4074 4570 in

2582 4604 2996 4669 Cretensium
3051 4605 3356 4686 urbibus3
3413 4629 3591 4673 nam.
3621 4608 3874 4672 'riberii
3906 4624 4074 4676 aeta-

3175 4816 3232 4891 c)
3270 4814 3383 4875 Dio
3409 4815 3474 4873 L.
3493 4815 3612 4877 LX.
3641 4821 3693 4888 ᾧ.
3714 4829 3799 4881 22.
