4509 5584
916 569 1185 646 «434

1026 845 1196 915 quae
1251 824 1509 912 legerat
1561 822 1646 888 de
1704 821 1871 886 locis
1924 822 2104 887 orbis
2158 835 2523 903 terrarum',

1023 949 1337 1016 praesens
1407 927 1613 994 vellet
1667 924 2032 992 addiscere.
2116 928 2280 1024 Tam
2339 947 2528 1012 prae·

1019 1033 1241 1098 clarae
1283 1031 1454 1097 vitae
1492 1026 1813 1096 maculam
1849 1047 2196 1112 aspersere
2230 1029 2527 1115 volupta-

1020 1148 1159 1215 tes,
1203 1134 1270 1196 in
1303 1133 1538 1219 quibus
1576 1130 1848 1194 nimium
1879 1150 2031 1194 eum
2067 1129 2270 1195 fuisse
2304 1122 2526 1216 perbi-

1019 1238 1136 1301 bet
1190 1237 1590 1321 Spartianus.
1663 1233 2112 1296 Inconsultum
2158 1233 2301 1317 ejus
2347 1254 2523 1297 amo·

1018 1360 1198 1413 rem,
1247 1359 1377 1423 quo
1415 1337 1483 1398 in
1522 1356 1800 1420 puerum
1834 1334 2194 1398 Antinoum
2232 1333 2526 1412 furebat,

1018 1442 1089 1506 in
1126 1440 1318 1523 hujus
1353 1437 1568 1501 numia
1605 1435 2152 1522 perstringemus.
2194 1437 2383 1500 Pacis
2415 1457 2526 1501 ve·

1018 1563 1100 1607 ro
1141 1541 1345 1610 fuisse
1383 1540 1908 1626 appetentiorem
1943 1539 2284 1623 proditur,
2333 1558 2523 1621 quam

1017 1644 1195 1709 istud
1240 1644 1503 1729 imperii
1540 1641 1941 1725 majestatem
1982 1641 2224 1705 decere
2267 1641 2526 1704 videre·

1021 1761 1161 1824 tur3
1209 1768 1359 1812 nam
1403 1744 1745 1830 pecuniam
1782 1764 1933 1807 eum
1978 1743 2221 1806 exteris
2261 1764 2527 1827 erogas-

932 1829 937 1832 *
1020 1870 1123 1926 se,
1171 1870 1256 1911 ne
1296 1848 1454 1933 quid
1496 1846 1651 1911 novi
1693 1847 2113 1920 molirentur,
2152 1867 2286 1908 non
2324 1845 2523 1910 modo

1015 1952 1150 2015 Dio
1180 1950 1378 2014 tradit
1408 1953 1467 2029 ει)
1488 1991 1506 2024 ,
1551 1947 1671 2012 sed
1715 1961 1785 2011 et
1834 1947 2124 2031 apertius
2160 1947 2392 2016 Victor
2419 1947 2522 2030 b),

1018 2076 1176 2119 eum
1208 2075 1246 2117 a
1285 2052 1553 2137 regibus
1590 2050 1811 2113 multis
1848 2071 2011 2135 pace
2053 2070 2180 2136 ope
2233 2051 2526 2115 occulto-

1017 2177 1167 2219 rum
1223 2175 1571 2219 munerum
1622 2153 1965 2239 impetrata
2017 2150 2358 2238 jactavisse
2409 2174 2521 2236 pa·

1017 2258 1184 2336 lam,
1244 2257 1391 2342 plus
1446 2276 1519 2319 se
1580 2255 1714 2319 otio
1773 2255 2117 2340 adeptum,
2173 2276 2367 2339 quam
2420 2276 2519 2318 ar·

1021 2360 1143 2421 mis
1213 2371 1495 2424 ceteros.
1584 2358 1837 2425 Verum
1908 2358 2117 2419 m'ulto
2190 2357 2518 2421 funestior

1021 2462 1165 2545 ejus
1203 2459 1330 2524 fuit
1360 2457 1635 2537 invidia,
1678 2477 1804 2545 qua
1836 2458 2188 2524 insectatus
2227 2472 2329 2522 est
2365 2471 2515 2537 eo“s,

1018 2562 1131 2649 qui
1175 2562 1246 2624 in
1286 2574 1425 2626 arte
1470 2561 1770 2646 quapiam
1812 2561 2229 2639 excelluere,
2288 2561 2384 2625 sic
2448 2573 2520 2625 ut

1015 2667 1256 2730 horum
1323 2683 1458 2726 non
1525 2683 1769 2747 paucos
1826 2662 1909 2727 ad
1972 2676 2253 2726 mortem
2321 2663 2518 2727 etiam

1018 2767 1353 2853 adigeret,
1426 2784 1592 2852 quos
1651 2763 1825 2828 iuter
1887 2764 2079 2829 fuere
2143 2766 2516 2850 Euphrates

1019 2868 1306 2936 celebris
1385 2868 1528 2952 ejus
1597 2867 1824 2930 aetatis
1896 2866 2365 2952 philosophus,
2447 2881 2519 2932 et

1019 2968 1466 3058 Apollodorus
1510 2970 1989 3046 Damascenus,
2036 2968 2168 3033 fori
2213 2970 2515 3054 Trajani,

1019 3088 1088 3140 et
1122 3073 1340 3159 pontis
1377 3072 1446 3134 in
1481 3071 1787 3136 Danubio
1829 3069 2225 3135 architectus
2249 3117 2268 3150 ,
2314 3085 2384 3137 et
2424 3073 2516 3138 vi·

1017 3197 1163 3241 sum
1198 3189 1301 3240 est
1332 3173 1698 3251 nonnullis,
1751 3172 1929 3257 pacis
1970 3185 2248 3252 tantum,
2304 3188 2376 3238 et
2414 3194 2516 3238 se-

1018 3275 1308 3343 curitatis
1357 3277 1661 3362 publicae
1714 3274 1989 3340 obtentu
2028 3276 2111 3340 ab
2154 3297 2237 3342 eo
2281 3278 2516 3341 Arme·

1015 3381 1223 3459 niam,
1277 3382 1566 3467 aliasque
1609 3381 1980 3466 provincias
2027 3379 2329 3458 relictas,
2388 3378 2517 3443 dis-

1015 3486 1400 3568 jectumque
1424 3483 1879 3570 famigeratum
1910 3482 2195 3548 Danubii
2221 3495 2513 3566 pontem,

1014 3608 1254 3651 revera
1311 3585 1487 3669 quod
1540 3587 1804 3670 Traiani
1858 3585 2110 3671 gloriae
2161 3584 2515 3649 invideret.

990 3689 1134 3754 ·Vti
1161 3688 1406 3751 laetum
1435 3708 1623 3764 eum,
1658 3687 2040 3764 liberalem,
2085 3686 2514 3763 clementem,

1016 3789 1106 3852 ita
1149 3801 1221 3852 et
1263 3808 1606 3866 severum,
1648 3801 1990 3867 tenacem,
2035 3786 2516 3864 simulatorem,

1018 3912 1092 3956 ac
1146 3911 1448 3970 saevum,
1509 3889 1796 3976 denique
1850 3891 1922 3952 in
1982 3889 2185 3953 omnir
2218 3889 2349 3955 vita
2409 3910 2517 3955 va-

1015 3996 1188 4057 rium
1234 4006 1429 4061 vocat
1470 3994 1868 4080 Spartianus.
1922 3992 2259 4070 Saevitia,
2322 4012 2517 4076 quam

1016 4097 1344 4182 principio
1415 4096 1677 4181 imperii
1755 4095 1961 4161 eaesis
2035 4095 2300 4178 aliquot
2354 4095 2514 4161 viris

914 4231 923 4239 ·
1016 4198 1584 4285 praestantissimis
1628 4197 1953 4285 prodidit,
2014 4199 2221 4263 multo
2265 4198 2517 4264 violen-

1016 4305 1145 4367 tius
1187 4301 1537 4389 postremis
1597 4302 1739 4385 ejus
1796 4302 1966 4366 vitae
2022 4303 2205 4365 annis
2263 4300 2513 4384 erupit,

1018 4427 1167 4470 cum
1210 4403 1569 4469 accedente
1612 4403 1701 4467 ad
1745 4403 1960 4469 morbi
2006 4404 2276 4468 dolores
2315 4401 2514 4465 tristi·

950 4537 963 4548 ⁸
1014 4507 1106 4571 tia
1161 4507 1575 4592 pestilentius
1637 4504 1849 4569 adhuc
1917 4507 2161 4569 malum
2222 4504 2514 4589 suspicio

2026 569 2090 630 ·,
2212 548 2974 629 HADRIANVS.
3057 591 3064 596 -

872 749 879 758 ·
922 807 928 815 .
1029 721 1409 813 grinnionis
1464 719 1556 786 ita
1608 720 1732 784 suit
1782 718 2091 805 cupidus,
2155 734 2230 783 ut
2273 722 2522 802 Omni&

2638 721 2820 790 viros
2877 721 3044 808 reip.
3105 724 3503 792 clarissimos
3524 771 3544 805 ,
3606 741 3676 791 et
3733 728 4161 805 consulares,

2641 839 2944 912 tanquam
3002 828 3359 912 imperium
3429 827 3873 909 adfectarent,
3936 831 4160 896 occidi

2639 926 2852 1011 iussit.
2930 927 3262 1024 Quantum
3315 931 3443 995 sibi
3505 951 3592 995 ex
3643 932 3747 995 his
3805 931 4159 998 funeribus

2641 1030 3091 1098 conciliaverit
3120 1042 3383 1099 senatus
3417 1031 3678 1111 odium,
3708 1031 3885 1098 infra
3913 1033 3986 1097 in
4013 1035 4164 1119 ejus

2641 1135 3014 1199 consecrati
3074 1127 3304 1199 'numia
3371 1153 3761 1221 persequar.
3847 1137 4158 1201 Animam

2638 1236 2877 1321 egredi
2919 1250 3331 1302 cunctantem
3375 1236 3479 1300 his
3518 1238 3900 1303 cohortatus
3953 1239 4166 1304 versi·

2643 1338 2809 1402 culis
2843 1338 3060 1404 fertur
3090 1340 3188 1421 *ἦε

2731 1442 3069 1504 Animula
3105 1440 3392 1524 vagula,
3435 1441 3794 1524 blandula,

2723 1541 2982 1623 Hospes
2995 1586 3015 1621 ,
3060 1563 3404 1623 comesque
3437 1548 3768 1628 corporis,

2730 1642 2923 1725 Quae
2968 1664 3147 1706 nunc
3182 1644 3399 1708 abibis
3437 1646 3514 1708 in
3557 1647 3704 1709 loca

2724 1744 3108 1823 pallidula,
3150 1747 3415 1828 rigida,
3461 1749 3760 1825 nudula,

2727 1844 2900 1923 Nec,
2943 1858 3025 1908 ut
3059 1847 3261 1923 soles,
3305 1850 3503 1912 dabis
3529 1849 3741 1928 jocos.

2637 1946 2821 2011 Istud
2864 1966 3164 2025 carmen,
3220 1948 3278 2011 si
3321 1949 3596 2016 festivus
3647 1950 3911 2035 quidam
3958 1951 4160 2037 lepor

2638 2049 2816 2113 inter
2852 2048 3116 2112 facetias
3153 2048 3356 2129 fudit,
3399 2065 3618 2135 potest
3655 2073 3811 2118 sane
3851 2053 4158 2117 dissimu-

2636 2152 2781 2217 lari.
2845 2152 2962 2214 Sin
3003 2166 3465 2235 argumentum
3508 2165 3610 2219 est
3651 2153 3918 2239 judicii,
3967 2156 4156 2240 quod

2636 2252 2720 2318 de
2755 2254 3021 2339 pulcra,
3058 2254 3357 2339 justaque
3389 2255 3726 2320 scribendi
3762 2255 4021 2320 ratione
4054 2272 4160 2320 tu·

2633 2358 2744 2434 lit,
2810 2356 3145 2435 videmus,
3209 2357 3334 2420 sihi
3391 2356 3461 2419 in
3514 2357 3658 2442 ipsa
3718 2372 3935 2422 morte
3992 2379 4158 2424 con-

2633 2473 2805 2523 stare
2836 2458 3274 2536 Hadrianum,
3313 2458 3427 2545 qui
3460 2474 3740 2543 vegetus
3778 2460 4147 2546 valensque

2634 2560 3094 2626 Antimachum
3153 2564 3492 2641 Homero,
3573 2563 3892 2627 Catomen
3960 2565 4152 2628 Cice·

2633 2663 2816 2742 roni,
2878 2664 3163 2726 Ennium
3226 2664 3515 2748 Virgilio
3571 2663 3787 2766 potuit
3845 2665 4154 2750 praefer-

2631 2785 2709 2828 re
2743 2765 2843 2848 d),
2905 2779 2973 2831 et
3015 2780 3166 2829 sunt
3205 2767 3255 2828 ii
3298 2766 3488 2831 venia
3531 2764 3751 2849 digni,
3811 2768 3930 2852 qui
3990 2788 4150 2832 eum

2635 2867 3067 2947 Graeculum,
3116 2881 3184 2932 et
3221 2867 3580 2953 sophistam
3619 2889 3764 2952 per.
3779 2869 4150 2933 ludibrium

2632 2971 3150 3054 appellaveruutz
3198 2970 3507 3055 Sepultus
3549 2984 3651 3035 est
3689 2970 3979 3056 primum
4016 2975 4154 3036 Pu·

2631 3073 2826 3136 teolis
2856 3073 2923 3134 iu
2957 3073 3116 3136 villa
3152 3072 3523 3149 Ciceronis,
3568 3073 3711 3158 ejus
3753 3072 4000 3139 deinde
4053 3079 4147 3139 ci·

2630 3194 2828 3239 neres
2867 3176 3160 3240 translati
3189 3177 3468 3238 Romam
3503 3174 3576 3237 in
3605 3177 3919 3260 sepulcro
3958 3177 4142 3262 juxta

2609 3275 2963 3354 Tiberim,
2998 3278 3175 3363 quod
3205 3277 3330 3341 sibi
3355 3277 3501 3363 ipse
3533 3277 3716 3346 vivus
3747 3278 3946 3359 feeit,
3986 3301 4147 3346 con·

2632 3378 2752 3443 diti
2789 3392 2940 3443 sunt
2967 3381 3055 3462 θ).
3083 3409 3090 3422 ·

2647 3513 2656 3526 =
2717 3483 3015 3552 onrem
3044 3481 3303 3547 unicam
3329 3480 3554 3548 habuit
3579 3483 3898 3551 Sabinam
3923 3487 4144 3552 sterili

2629 3584 3081 3652 matrimonio⁸⁴

2904 3813 3859 3903 ANIMADVERSIO

2671 3993 2765 4056 ad
2790 4004 3022 4076 partes
3050 3995 3317 4058 anticas
3347 4013 3696 4058 namot-um
3729 3993 4094 4059 Hadriani·

2710 4194 2818 4258 Ad
2889 4193 3004 4260 has
3072 4194 3638 4278 praemonendum
3697 4200 3784 4274 1.‚
3854 4200 4138 4264 Hadria·

2629 4318 2786 4360 num
2817 4297 2885 4360 in
2915 4297 2996 4361 iis
3028 4296 3423 4384 plerumque
3458 4298 3620 4383 fingi
3655 4299 3877 4383 capite
3912 4302 4136 4378 nudo,

2629 4399 2808 4486 quod
2859 4400 3072 4464 minus
3120 4399 3437 4486 frequens
3480 4415 3583 4465 est
3619 4401 3693 4464 iu
3736 4404 3952 4467 numis
3993 4407 4138 4468 Au·

2629 4514 2968 4585 gnatorum
3013 4522 3163 4567 cum
3204 4502 3508 4589 proxime
3551 4503 4130 4589 praecedentium,

1018 4609 1301 4672 animum
1347 4609 1487 4693 ejus
1533 4608 1967 4693 pervaderet,
2025 4629 2150 4694 qua
2192 4606 2510 4691 impulsus
2624 4618 2764 4668 tum
2801 4604 3363 4690 consequentium.
3410 4604 3610 4683 Sunt,
3639 4607 3754 4692 qui
3787 4606 3963 4672 istud
3997 4608 4136 4675 sac·

1096 4841 1155 4907 a)
1198 4835 1262 4892 L.
1291 4831 1487 4894 LXIX.
1519 4837 1568 4908 ς.
1588 4846 1642 4907 9.
1788 4836 1859 4906 h)
1900 4834 1961 4892 in
1988 4834 2141 4912 Epic.

2292 4837 2353 4906 c)
2395 4833 2687 4909 spartian.
2722 4852 2773 4889 c.
2808 4843 2895 4893 25.

3046 4830 3116 4903 d)
3158 4825 3351 4907 Spart.
3383 4830 3516 4887 Dio.
3667 4834 3730 4902 e)
3771 4833 3966 4909 Spart.
