4509 5584
1086 623 1229 698 504

1086 793 1154 846 ut
1202 797 1368 862 quae
1404 789 1537 842 tum
1583 773 1689 840 ab·
1720 771 1841 842 illo
1878 772 2225 840 constituta
2273 784 2462 850 sunt,
2504 768 2589 835 ad

1088 903 1203 948 oua
1232 898 1439 964 usque
1468 891 1768 961 tempora
1790 874 1922 941 vim
1945 875 2013 939 in
2049 874 2395 961 disciplina
2421 873 2590 940 mili-

1087 983 1213 1048 tari
1233 980 1628 1050 obtinerent.
1672 977 2008 1045 EtVictor
2037 980 2135 1061 ·).
2163 979 2415 1064 Officia
2426 977 2590 1061 pub-

2241 596 2999 676 HADRIANVS.

2698 791 2784 835 ne
2827 770 2896 832 i‘u
2954 766 3168 834 numia
3214 765 3375 852 Tyri
3428 767 3818 853 m‘etropolis
3861 767 4208 833 Oceanum

2700 873 2828 939 viri
2886 871 3126 936 eodem
3178 869 3377 934 modo
3441 869 3895 936 decumbentis
3972 870 4200 954 speeie

2700 974 3110 1096 propositum
3155 970 3486 1066 videmus,
3541 975 3789 1058 scripto
3833 973 4046 1057 juxta,
4108 992 4198 1035 ne

1080 1073 1241 1159 lica,
1270 1098 1340 1150 at
1360 1082 1699 1166 palatina,
1728 1101 1995 1146 necnon
2022 1080 2317 1145 militiae
2346 1082 2590 1143 ineam
2697 1077 2758 1141 is
2800 1077 3112 1141 aliorsum
3160 1075 3542 1159 accipiatur,
3597 1075 3920 1140 vocabulo
3967 1069 4216 1137 ΩΚΕ·

1066 1187 1373 1270 sormam
1387 1187 1656 1259 statuit,
1684 1203 1860 1263 quae
1876 1185 2116 1266 paucis
2129 1203 2251 1266 per
2269 1183 2592 1246 Constan-

1094 1291 1316 1351 tinum
1345 1288 1723 1352 metatis
1758 1284 1956 1348 hodie
1974 1294 2422 1367 perseverant.

1379 1388 1642 1449 Amica
1674 1388 1958 1450 ineerta.

1093 1488 1357 1562 HERC.
1390 1486 1688 1554 GADIT.
1721 1486 2046 1549 Hercules
2066 1486 2349 1554 innixus
2363 1485 2596 1550 clavae

1091 1615 1150 1657 s.
1184 1595 1320 1654 tria
1348 1589 1566 1666 mala,
1618 1588 1780 1651 hina
1821 1591 1929 1654 vir
1956 1588 2147 1651 humi
2183 1588 2594 1663 decumbens,

1093 1693 1290 1756 illinc
1327 1691 1612 1754 dimidia
1645 1691 1857 1752 navis.
1899 1690 2044 1758 AV.

1178 1793 1373 1858 Hunc
1435 1811 1703 1852 numum
1752 1790 2089 1876 Tristanus
2141 1809 2291 1852 sese
2356 1807 2440 1852 ex
2474 1789 2599 1851 Ar-

1098 1892 1431 1958 achotanis
1490 1892 1703 1954 numis
1756 1891 2049 1956 hausisse
2102 1889 2458 1974 profitetur
2511 1886 2597 1967 ¹³),

1098 2015 1376 2080 quorum
1424 2007 1644 2058 tamen
1690 1993 1926 2077 exigua
1984 1994 2186 2078 vulgo
2247 1990 2416 2056 fides
2471 2004 2593 2057 est.

1096 2099 1349 2164 Verum
1378 2096 1521 2179 ejus
1563 2096 1858 2162 meminit
1889 2093 2148 2180 quoque
2184 2092 2594 2171 Vaillantius‚

1082 2211 1169 2262 -et
1193 2198 1345 2261 bina
1378 2199 1518 2280 ejus
1570 2198 1968 2283 exemplaria
2016 2219 2089 2263 se
2122 2195 2366 2263 vidisse
2406 2208 2597 2259 testa-

1095 2314 1207 2363 tur
1259 2301 1610 2366 Florezius
1657 2302 1738 2382 ⁰).
1826 2300 2149 2364 Hercules
2212 2297 2600 2360 Gaditanus

1104 2405 1285 2484 Tyro
1303 2401 1659 2485 metropoli
1677 2398 1892 2466 Gades
1923 2400 2265 2462 translatus
2295 2417 2429 2464 non
2461 2417 2598 2460 mo-

1106 2502 1193 2566 do
1248 2503 1316 2563 in
1360 2502 1710 2586 Hispania,
1768 2500 1887 2564 scd
1944 2501 2081 2584 ipsa
2139 2503 2349 2564 Roma
2406 2498 2609 2581 incly-

1104 2620 1212 2668 tus
1242 2604 1400 2681 fuit,
1460 2603 1555 2666 sic
1582 2616 1656 2666 nt
1685 2624 1767 2666 ex
1801 2602 1948 2685 jure
1997 2604 2296 2666 Romano
2332 2602 2472 2684 ejus
2513 2600 2609 2663 lo-

1105 2707 1169 2771 ci
1201 2704 1567 2779 Hercules,
1647 2704 1822 2789 quod
1872 2703 2209 2790 plerisque
2261 2704 2403 2768 aliis
2459 2701 2609 2766 alia-

1106 2827 1254 2874 rum
1296 2808 1643 2893 regionum
1689 2806 1812 2870 diis
1876 2822 2225 2892 negatum,
2283 2804 2609 2869 bonorum

1108 2912 1309 2975 heres
1344 2909 1666 2993 supremis
1700 2907 1934 2972 tabulis
1967 2908 2165 2973 scribi
2198 2905 2491 2992 potuerit
2520 2903 2610 2987 ὅ).

1110 3011 1513 3096 Proponitur
1544 3031 1706 3076 vero
1739 3011 1803 3086 iu
1837 3031 2034 3074 numo
2069 3008 2416 3087 Hadriani,
2461 3026 2610 3072 cum

1116 3114 1293 3198 quod
1328 3114 1485 3177 urbs
1510 3113 1844 3186 ‚Gaditana
1884 3112 2146 3176 Italicae
2181 3111 2322 3193 ejus
2362 3109 2609 3193 patriae

1115 3217 1326 3280 vicina
1379 3214 1572 3277 facile
1623 3213 1939 3278 cum¹hac
1997 3214 2307 3284 Herculis
2366 3210 2612 3275 cultum

1118 3316 1651 3392 communicavit,
1734 3329 2040 3399 essetque
2094 3329 2306 3378 mater
2341 3312 2617 3375 Hadria·

2702 1177 3026 1256 ANoc.‚
3058 1191 3286 1241 notum
3314 1198 3510 1254 vero,
3573 1176 3844 1241 Gades
3824 1176 3950 1261 ipsi
3987 1175 4202 1258 Ocea·

2701 1302 2793 1346 no
2868 1281 3073 1345 fuisse
3138 1280 3396 1346 adsitas.
3486 1280 3734 1343 Similia
3803 1277 4016 1363 figura
4083 1277 4212 1340 viri

2703 1382 2888 1446 humi
2951 1381 3405 1446 decumbentis
3464 1395 3566 1474 est
3625 1383 3820 1446 etiam
3881 1381 3949 1442 in
4009 1398 4213 1443 numo

2704 1483 3016 1548 Herculis
3062 1483 3393 1561 Prodicii,
3454 1504 3649 1569 quem
3694 1482 3994 1547 dabimus
4036 1481 4209 1563 infra

2709 1586 2831 1650 sub
2874 1587 2952 1652 Ρ.
2995 1587 3090 1651 Μ.
3139 1588 3280 1650 ΤΒ.
3323 1586 3399 1651 Ρ.
3444 1586 3635 1651 (308.
3680 1587 3794 1647 ln.
3900 1586 4213 1649 Ceterum

2709 1686 2863 1752 vide
2891 1731 2916 1767 ,
2987 1708 3153 1773 quae
3214 1687 3552 1752 Tristanus
3605 1688 3758 1751 loco
3802 1685 4093 1754 iudicato
4134 1686 4215 1750 ad

2710 1788 2889 1853 hunc
2945 1810 3213 1851 numum
3271 1789 3417 1854 fuse
3480 1802 3980 1853 commentatur.
4065 1791 4217 1853 Huc

2713 1892 2911 1956 etiam
2953 1891 3254 1956 revocari
3298 1905 3569 1976 possunt
3610 1893 3791 1954 numi
3850 1891 4073 1968 aurei,
4155 1906 4220 1953 et

2683 1994 3017 2078 ‘argentei
3057 1992 3357 2075 inscripti
3399 1994 3566 2057 COS
3612 1996 3725 2061 111.
3771 1994 3922 2058 velt
3999 1995 4077 2055 P.
4121 1995 4215 2059 H.

2711 2097 2850 2158 ΤΒ.
2880 2097 2958 2162 Ρ.
2990 2095 3182 2160 COS.
3212 2097 3358 2172 111.,
3408 2109 3476 2160 et
3519 2117 3798 2180 quorum
3842 2110 4034 2180 typus
4084 2110 4220 2159 est:

2711 2198 3030 2262 Hercules
3063 2200 3307 2274 nudus,
3361 2211 3428 2260 ct
3459 2202 3772 2261 adversas
3821 2202 4031 2262 armis
4062 2201 4227 2262 insi·

2707 2301 2869 2362 dens
2900 2301 2962 2366 d.
2994 2300 3253 2363 clavam
3269 2344 3290 2377 ‚
3332 2321 3388 2364 s.
3405 2300 3705 2385 fulmen.

3001 2402 3094 2463 Vt
3121 2403 3229 2467 lit.
3257 2402 3352 2467 A.

2721 2502 3130 2568 LIBERAL.
3190 2504 3397 2572 AVG.
3474 2504 3587 2567 111.
3645 2501 3723 2565 P.
3781 2505 3875 2567 Μ.
3937 2504 4079 2568 ΤΒ.
4148 2504 4222 2566 Ρ.

2715 2603 2913 2669 COS.
2930 2605 3040 2668 111.
3071 2604 3288 2688 Trpus
3305 2607 3645 2687 congiarii
3676 2606 3928 2669 obvius.
3955 2606 4031 2668 In
4053 2605 4226 2669 aliis:

2726 2708 2924 2771 Duae
2921 2704 3197 2791 figurae
3229 2708 3560 2782 sedentes,
3604 2727 3775 2785 quae
3808 2712 4225 2792 congiarium

2723 2810 3136 2891 dispensant.
3180 2810 3322 2873 AR.
3370 2809 3573 2890 (Mus.
3605 2808 3830 2891 Caes.)

3003 2914 3097 2974 Vt
3129 2910 3239 2975 lit.
3263 2909 3346 2975 B.

2726 3010 3340 3092 LIBERALITAS.
3369 3009 3573 3080 AVG.
3613 3012 3726 3076 111.
3770 3012 3840 3075 S.
3871 3013 3949 3080 C.
4011 3013 4228 3096 erm

2726 3115 3065 3197 congiaria·
3085 3116 3335 3177 obvius.
3379 3114 3523 3180 ΔΕ.
3567 3115 3617 3180 1.
3664 3117 3862 3189 (Mus.
3893 3116 4115 3190 Caes.)

2713 3207 2718 3212 ’
3015 3217 3108 3278 Vt
3148 3214 3255 3280 lit.
3292 3216 3378 3276 D.

2727 3317 3347 3383 LIBERALITAS.
3407 3314 3613 3384 AVG.
3668 3317 3815 3380 1111.
3859 3317 4056 3382 COS.
4117 3319 4219 3380 111.

1118 3421 1189 3483 ni
1220 3419 1507 3488 Domitia
1541 3417 1811 3482 Paulina
1843 3416 2129 3481 Gadibus
2176 3414 2491 3492 oriunda,
2547 3427 2619 3476 ut
2732 3420 2802 3483 8.
2828 3418 2903 3484 C.
2934 3417 3302 3500 Imperator
3328 3430 3607 3500 togatus
3629 3420 3862 3486 sedens
3888 3423 3962 3483 in
3995 3441 4224 3506 sugge-

1118 3521 1444 3608 principio
1511 3521 1845 3595 diximus,
1917 3532 2053 3582 tum
2116 3503 2294 3603 quod
2346 3516 2620 3580 Hadria-
2730 3533 2881 3598 stu,
2948 3523 3063 3582 cui
3117 3521 3346 3581 adstat
3395 3519 3844 3595 Liberalitas,
3925 3541 4100 3600 quae
4145 3541 4230 3585 ex

1120 3646 1245 3685 nus
1305 3622 1673 3705 provincias
1735 3641 1964 3684 omues
2035 3619 2394 3696 obeundo,
2481 3639 2622 3684 eas·
2731 3622 3194 3703 cornua-apiae
3211 3640 3374 3701 opus
3393 3621 3469 3682 in
3504 3619 3786 3697 subjecti
3813 3605 3985 3686 cinti
4011 3628 4236 3692 sinum.

1125 3743 1254 3807 que
1297 3722 1654 3787 beneficiis·
1693 3740 2213 3805 quaquaversum
2253 3716 2618 3784 adficiendo
2725 3723 3042 3809 ffundit·
3086 3721 3228 3788 AF..
3260 3723 3309 3786 1.
3337 3723 3538 3802 (Mus.
3569 3722 3790 3805 caes.)

1124 3823 1435 3887 Herculis
1479 3821 1959 3907 quodammodo
2012 3841 2294 3896 nomen,
2375 3832 2446 3883 et
2507 3819 2625 3882 ho-
3026 3823 3291 3887 Antio-a
3332 3826 3587 3907 ignota.

1124 3946 1326 3990 nores
1370 3924 1495 3989 sibi
1538 3925 1839 3989 emeruit.
1938 3921 2135 3987 Navis
2175 3943 2326 3988 rem
2368 3920 2627 3985 Gadita·
2734 3923 3348 3989 LIBERALITAS.
3377 3923 3585 3992 AVG.
3616 3923 3701 3992 V.
3736 3923 4026 4003 Reliqua
4052 3927 4231 4007 igne·

1126 4052 1363 4094 norum
1417 4028 1803 4092 maritimam
1874 4026 2051 4090 haud
2118 4025 2318 4089 dubie
2376 4023 2626 4108 arguit3
2737 4039 2835 4093 ta.
2877 4024 3086 4103 Vide,
3131 4048 3296 4111 quae
3331 4046 3485 4092 mox
3521 4028 3853 4092 dicantur.

1127 4147 1193 4198 at
1249 4132 1378 4196 ⁷c’iri
1435 4129 1888 4195 decumbentis
1947 4127 2298 4213 imaginem
2335 4173 2354 4205 ,
2434 4147 2626 4212 quam
3025 4133 3121 4194 Vt
3153 4130 3263 4191 lit.
3296 4126 3384 4191 H.

1129 4234 1434 4321 plerique
1476 4234 1588 4298 alii
1615 4231 1887 4298 fiuvium
1921 4230 2187 4308 dixere,
2229 4251 2376 4294 esse
2408 4228 2622 4293 incer·
2736 4227 3346 4293 LIBERALITAS.
3398 4225 3763 4296 AVG.v1.
3822 4227 4234 4292 Liberalitas

1129 4340 1182 4400 ti
1222 4336 1617 4421 explicatus,
1710 4332 1905 4398 facile
1959 4332 2119 4394 mihi
2160 4352 2311 4396 cum
2358 4330 2621 4396 laudato
2738 4344 2949 4398 stans·
2992 4332 3136 4397 AR.
3169 4333 3378 4405 (Mus.
3409 4330 3626 4406 caes.)

1130 4437 1448 4504 Florezio
1506 4434 1830 4501 convenit.
1914 4427 2121 4498 Forte
2172 4454 2307 4499 non
2366 4447 2623 4498 temere
2673 4465 2685 4480 ·
3028 4436 3123 4497 Vt
3155 4433 3262 4496 lit.
3283 4433 3369 4499 H.

1138 4541 1532 4626 conjece-ro,
1589 4557 1735 4603 esse
1782 4536 2133 4625 imaginem
2167 4535 2442 4614 Oceani.
2515 4537 2626 4601 Sa·
2739 4534 3354 4604 LIBERALITAS.
3397 4531 3607 4602 Avo.
3630 4532 3775 4600 vn.
3823 4532 4233 4596 Liberalitas

1144 4657 4232 4694 mmm

1221 4754 1283 4826 a)
1323 4754 1393 4810 In
1419 4752 1579 4829 Epit.
1727 4750 1799 4824 1»)
1841 4752 2171 4808 Commeut.
2200 4749 2339 4808 hist.
2358 4751 2529 4808 Tum.
2549 4747 2596 4808 1.
2623 4767 2687 4826 p.
2703 4757 2831 4815 378.
2982 4749 3045 4819 c)
3083 4744 3329 4806 Medell.
3362 4743 3438 4804 de
3465 4743 3722 4820 Espauu.
3747 4743 3923 4803 Tom-
3941 4742 4044 4804 m.
4073 4753 4237 4819 μτο.

1147 4843 1217 4917 d)
1254 4843 1495 4922 leian.
1534 4846 1764 4919 Fragm.
1784 4837 1964 4901 XXV.
3623 4859 3676 4920 ζ,

3543 4921 3606 4968 ’.Ο
3625 4923 3640 4938 0
