4509 5584
1600 592 2264 670 TRAIANVS.

361 774 576 852 neque
597 769 780 834 maa
797 768 1043 833 batam
1055 769 1286 856 sume
1313 768 1589 852 duplex.
1614 769 1712 832 tt.
1735 772 1875 831 Vc..

356 872 741 938 risimae’liter
772 892 951 935 anno
993 873 1078 935 V.
1108 871 1178 934 C'.
1209 869 1335 951 867
1380 863 1735 951 Traianum
1768 872 1864 933 ad

810 973 991 1036 illud
1015 973 1413 1056 ptquctum.

494 1180 547 1243 1.
608 1175 927 1240 Eruditus
963 1173 1276 1241 historiae
1324 1173 1587 1261 imperii
1623 1176 1863 1240 Roma-

352 1280 428 1344 ni
477 1278 766 1364 scriptor
807 1277 1270 1342 Tillemontius
1318 1278 1578 1364 prolixe
1624 1278 1862 1363 proba·

354 1403 436 1447 re
486 1380 801 1458 instituit,
859 1382 1210 1465 Traianum
1260 1382 1390 1466 jam
1438 1400 1608 1445 anno
1660 1381 1743 1449 V.
1776 1380 1861 1447 C.

353 1486 487 1566 859
522 1486 601 1550 P.
645 1485 731 1547 X.
775 1482 893 1547 tob
946 1479 1266 1549 adversus
1310 1483 1591 1547 Parthos
1638 1480 1861 1566 profe·

328 1600 557 1653 -ctum.
643 1586 1091 1669 Argumenta,
1165 1584 1402 1669 quibus
1469 1584 1858 1649 sententiam

352 1708 541 1753 suam
580 1686 764 1750 tueri.
796 1685 1067 1764 nititur,
1127 1686 1197 1748 in
1249 1707 1544 1771 pugnum
1602 1700 1859 1751 eontra-

351 1801 457 1853 cta
510 1787 678 1851 baec
728 1787 877 1852 fere
936 1799 1111 1853 sunt.
1176 1789 1226 1853 1.
1268 1787 1715 1852 testimonium
1756 1787 1857 1851 Ιο-

351 1889 541 1956 annis
592 1888 874 1953 Halalae
895 1932 919 1967 ,
975 1888 1088 1973 qui
1144 1889 1494 1972 Traianum
1539 1892 1685 1958 Vll.
1746 1889 1854 1952 die

350 1991 634 2057 Ianuarii
692 1992 778 2060 V.
828 1991 904 2056 C.
965 1988 1095 2054 860
1162 1992 1243 2056 P.
1302 1993 1384 2058 X.
1450 2012 1569 2074 ¹⁰7
1627 1990 1856 2056 Antio·

352 2094 564 2160 chiam
621 2092 995 2179 ingressum
1045 2091 1311 2170 scribit,
1397 2105 1470 2157 et
1538 2091 1854 2178 deinceps

347 2198 423 2259 in
476 2197 717 2259 Persas
773 2193 1167 2278 profectum.
1254 2196 1341 2261 11.
1394 2193 1558 2260 Acta
1618 2207 1856 2282 marty·

348 2297 438 2362 rii
489 2298 564 2362 S.
604 2297 876 2382 Ignatii,
941 2296 1007 2359 iu
1062 2294 1296 2379 quibua
1350 2295 1460 2360 bie
1516 2293 1755 2360 dicitur
1813 2318 1853 2359 a

318 2400 641 2484 —Trajano
683 2397 1072 2463 Antiochiae
1114 2409 1466 2482 praesente
1511 2397 1849 2480 conjectus

348 2503 420 2564 in
490 2502 792 2579 vincula,
866 2512 935 2564 et
1003 2497 1086 2563 ad
1162 2497 1406 2563 bestias
1476 2497 1850 2578 damnatus,

340 2604 884 2689 praesidentibus
917 2602 1101 2681 apud
1134 2600 1469 2663 Romanos
1506 2599 1745 2684 Syria,
1782 2610 1852 2663 et

354 2703 630 2771 Senecio
651 2746 675 2778 ,
760 2701 875 2787 qui
938 2713 1124 2766 erant
1182 2703 1488 2766 consules
1552 2700 1850 2786 ejusdem

348 2806 507 2871 anni
547 2807 634 2874 V.
682 2807 756 2871 C.
801 2803 952 2869 860.
1024 2803 1236 2887 Hujus
1281 2821 1543 2889 quoque
1588 2818 1850 2867 senten-

351 2909 491 2974 tiae
518 2908 723 2973 vades
752 2907 905 2971 citat
934 2906 1244 2970 chronica
1271 2903 1565 2980 Eusebii,
1600 2918 1669 2969 et
1698 2905 1850 2969 Ale-

350 3009 766 3076 xandrinum.
852 3011 965 3074 ln.
1007 3006 1378 3071 Auctoritas
1404 3043 1413 3052 ,
1443 3027 1844 3071 marmorum

350 3128 422 3178 et
463 3131 857 3187 numerum,
901 3109 969 3172 in
1004 3130 1285 3196 quorum
1314 3107 1638 3194 aliquibus
1681 3112 1844 3174 Tra·

345 3214 536 3298 janus
598 3214 729 3298 jam
773 3214 847 3275 in
885 3211 1224 3277 consulatu
1267 3210 1355 3277 V.
1401 3208 1641 3273 dicitur
1680 3214 1844 3273 Par-

349 3316 606 3393 thicus,
686 3327 797 3378 aut
863 3312 1002 3398 typi
1052 3325 1509 3396 proponuntur
1569 3310 1655 3374 ad
1706 3312 1847 3376 bel·

346 3417 493 3480 lum
530 3414 910 3481 Parthicum
953 3427 1345 3499 spectantes.
1424 3412 1605 3482 ‘Vide
1656 3414 1847 3498 plura

347 3520 524 3603 apud
562 3517 778 3603 ipsum
815 3513 1310 3580 Tillemontium
1346 3515 1415 3577 in
1449 3521 1603 3578 nota
1640 3516 1848 3583 xvn.

347 3633 421 3684 et
471 3620 677 3688 m,
706 3618 788 3683 ad
846 3618 1223 3702 Traianum.
1309 3619 1398 3680 At
1455 3639 1605 3683 cum
1667 3616 1846 3680 idem

349 3721 457 3791 vir
495 3719 795 3787 eruditus
835 3721 1225 3784 sententiam
1272 3740 1449 3792 suam
1490 3718 1848 3784 vehemen-

343 3839 461 3889 ter
499 3820 844 3889 contrariis
885 3820 1130 3885 Norisii
1173 3822 1574 3905 argumentis
1627 3819 1846 3904 premi

344 3923 644 4002 videret,
704 3922 938 4008 quibus
991 3922 1049 3986 is
1103 3923 1415 3987 evincere
1471 3921 1844 3999 contendit,

346 4026 711 4111 Traianum
787 4044 921 4088 non
996 4024 1287 4109 potuisse
1374 4035 1523 4089 ante
1606 4044 1845 4088 annum

347 4130 437 4196 V.
479 4129 557 4196 C.
609 4127 741 4191 865
782 4127 856 4193 Ρ.
901 4126 989 4191 X.
1038 4143 1152 4188 na
1204 4126 1272 4187 in
1317 4123 1598 4189 Parthos
1646 4123 1846 4209 profi-

346 4231 553 4309 cisci,
589 4227 794 4311 (Vide
831 4228 983 4311 ejus
1008 4228 1353 4313 epistolam
1396 4226 1844 4302 consularem,

344 4347 459 4399 aut
512 4332 584 4394 in
640 4329 1039 4414 compendio
1101 4327 1597 4394 Tillemontium
1653 4327 1702 4391 l.
1750 4329 1843 4412 c.)

346 4449 419 4501 et
467 4448 684 4498 tamen
727 4432 1132 4516 argumentis
1176 4432 1309 4495 suis
1351 4451 1551 4515 grave
1587 4426 1845 4514 pondus

342 4542 612 4614 inesse,
666 4556 809 4599 non
856 4532 1051 4598 aliam*
1109 4553 1255 4596 esse
1311 4533 1631 4617 aptiorem
1675 4532 1845 4597 viam

340 4654 527 4706 ratus
569 4650 702 4715 est,
767 4656 896 4720 qua
936 4634 1274 4706 dissidium
1324 4635 1497 4700 istud
1541 4635 1848 4700 concilia-

340 4756 581 4820 retur,
616 4758 812 4827 quam
855 4736 912 4803 si
955 4751 1270 4804 statuatur
1304 4737 1548 4824 duplex
1583 4737 1846 4822 Traiani

3289 615 3464 696 *451

1973 767 2044 834 in
2071 767 2353 834 Parthos
2386 764 2619 844 exitus,
2647 767 2834 852 prior
2859 768 2928 831 in
2960 768 3300 835 consulatu
3330 772 3472 855 ejus

1974 870 2091 951 V.,
2134 872 2306 944 alter
2338 870 2452 938 Vl.

2094 969 2732 1036 Haec-Tillemontii
2764 987 3188 1056 argumenta,
3227 987 3376 1039 utut
3405 974 3476 1038 in

1972 1074 2263 1159 speciem
2307 1073 2553 1153 valida,
2607 1073 2803 1139 facile
2854 1087 3075 1138 tamen
3131 1096 3278 1139 cum
3330 1098 3476 1161 gra·

1975 1174 2274 1239 rioribus
2341 1189 2708 1260 comparata
2775 1175 2909 1243 vim
2972 1197 3236 1241 omnem
3296 1179 3478 1243 amit·

1975 1291 2138 1342 tunt.
2225 1279 2446 1363 Atque
2499 1278 2736 1344 borum
2793 1277 3259 1344 validissimum
3319 1301 3474 1345 sane

1976 1391 2110 1456 est,
2172 1398 2255 1442 ex
2297 1378 2712 1456 auctoribus,
2772 1394 2841 1444 et
2882 1381 3321 1445 monumentis
3367 1403 3474 1449 ve·

1973 1478 2227 1543 teribus
2291 1482 2488 1564 plane
2562 1494 2900 1561 constare,
2986 1483 3338 1565 Traianum
3407 1484 3476 1547 in

1975 1581 2316 1644 consulatu
2367 1583 2480 1650 VI.
2539 1581 2607 1645 in
2662 1581 3010 1647 Orientem
3064 1585 3433 1669 profectum
3456 1631 3474 1662 ,

1972 1695 2049 1746 ut
2085 1703 2241 1745 mox
2282 1682 2683 1759 videbimus3
2731 1698 2798 1747 at
2841 1683 3028 1747 illum
3076 1706 3202 1770 per
3245 1707 3479 1751 consu·
3566 1705 3573 1712 ·

1972 1784 2174 1848 latum
2218 1786 2303 1852 V.
2358 1787 2570 1850 Roma
2627 1771 2910 1850 abfuisse
2948 1832 2967 1864 ,
3025 1786 3271 1851 nedum
3333 1790 3478 1852 lon-

1972 1887 2321 1973 ginquum,
2381 1909 2620 1973 grave,
2664 1908 2739 1951 ac
2775 1888 3219 1972 periculosum
3265 1890 3333 1952 in
3370 1913 3477 1957 re·

1968 2003 2150 2053 mete
2188 1989 2468 2054 Oriente
2505 1989 2752 2054 bellum
2795 1988 3116 2072 gessisse,
3161 1991 3346 2055 nullo
3378 1992 3475 2054 in-

1971 2090 2299 2156 dubitatae
2334 2091 2497 2155 fidei
2527 2091 2901 2155 testimonio
2937 2112 3133 2176 posse
3173 2113 3479 2179 compro-

1967 2192 2143 2260 Βοιὼ·
2218 2194 2326 2256 An
2383 2191 2749 2272 credibile,
2803 2192 2976 2256 istud
3038 2195 3470 2279 praeteritum

1965 2292 2173 2359 fuisse
2214 2295 2297 2359 ab
2338 2294 2705 2373 historicis,
2761 2307 2829 2358 et
2880 2294 2960 2357 ab
3000 2293 3240 2359 horum
3285 2299 3474 2363 nullo

1967 2396 2076 2462 vel
2111 2410 2376 2461 tenuem
2407 2397 2643 2461 factam
2680 2397 3081 2462 mentionem
3117 2398 3281 2462 belli
3316 2401 3475 2464 Par-

1964 2498 2129 2563 thici
2178 2501 2504 2581 duplicis,
2563 2518 2713 2582 cum
2765 2510 2983 2564 tamen
3040 2499 3287 2585 duplex
3333 2500 3508 2584 bel--

1967 2600 2103 2663 lum
2132 2600 2447 2663 Dacicum
2484 2612 2711 2683 aperte
2754 2598 3154 2683 distinguant
3185 2603 3351 2679 Dio,
3404 2618 3475 2668 et

1968 2700 2394 2786 Spartianus?
2452 2712 2521 2763 et
2560 2721 2640 2763 an
2687 2699 2825 2764 ullo
2868 2715 3060 2785 pacto
3107 2703 3469 2784 credibile,

1964 2801 2022 2863 si
2066 2802 2382 2884 Traianus
2424 2821 2661 2865 revera
2704 2801 2778 2863 in
2824 2805 3164 2868 consulatu
3198 2807 3284 2874 V.
3321 2827 3473 2869 cum

1963 2902 2220 2967 Parthis
2277 2902 2403 2966 fuit
2459 2900 2885 2982 commissus,
2958 2925 3175 2991 neque
3230 2906 3476 2971 redivit

1961 3002 2325 3089 inglorius,
2377 3003 2625 3068 nullam
2683 3003 2752 3066 in
2810 3004 3072 3085 numia,
3127 3009 3237 3072 vel
3298 3029 3468 3071 mar·

1961 3105 2257 3170 moribus
2314 3104 2466 3172 fieri
2525 3108 2931 3172 mentionem
2990 3128 3110 3173 scu
3164 3110 3468 3176 victoria·

1960 3227 2146 3287 rum,
2235 3229 2355 3273 scu
2423 3209 2846 3274 decretorum
2914 3210 3277 3291 honorum,
3362 3225 3470 3275 ute

1961 3310 2315 3396 triumphi,
2379 3333 2608 3390 arcus,
2678 3311 2850 3377 aucti
2908 3312 3325 3398 imperatoris
3384 3314 3468 3377 ti-

1960 3412 2083 3474 tuli
2125 3414 2297 3478 etc.?
2351 3413 2670 3483 Videmus
2708 3414 2779 3476 in
2821 3415 3036 3479 numia
3076 3415 3292 3500 sopito
3336 3416 3472 3500 pri·

1963 3512 2115 3577 dem
2183 3514 2365 3580 bello
2433 3516 2682 3582 Dacico
2758 3517 3026 3601 signatis
3102 3531 3468 3603 perpetuo,

1961 3630 2153 3700 atque
2216 3616 2300 3682 ad
2357 3616 2688 3683 fastidium
2736 3619 2966 3704 jactari
3009 3619 3296 3700 Dacica,
3370 3622 3467 3683 ni·

1961 3719 2196 3782 mirum
2239 3733 2470 3798 vetera
2509 3721 2658 3801 illa,
2718 3743 2803 3788 an
2850 3721 3226 3787 reticuisset
3279 3745 3465 3789 sena-

1958 3834 2099 3898 tus,
2158 3821 2272 3907 qui
2326 3822 2794 3907 imperatorem
2851 3847 3039 3888 suum
3094 3824 3303 3890 laudis
3347 3827 3465 3889 im·

1959 3923 2291 3987 modicum
2331 3925 2555 4003 novit,
2593 3946 2799 3990 novas
2841 3927 3063 3990 lauros
3110 3945 3194 3990 ex
3228 3927 3470 3992 Orien-

1957 4037 2026 4087 te
2105 4023 2519 4108 adportatas?
2618 4028 2785 4090 Nam
2864 4016 3236 4112 neutiquam
3327 4050 3466 4094 mo·

1960 4146 2108 4189 mor
2145 4128 2420 4208 paucula
2463 4127 2582 4190 illa
2618 4128 2920 4211 exempla
2959 4114 3043 4192 ex
3083 4130 3338 4210 nuruis,
3395 4150 3464 4198 et
3539 4183 3546 4192 .

1959 4225 2393 4290 marmoribus
2459 4229 2886 4293 Tillemontio
2959 4230 3252 4296 obtrusa.
3334 4236 3462 4303 Va-

1958 4326 2138 4390 leant
2179 4328 2345 4392 haec
2387 4319 2840 4411 monumenta,
2895 4347 2968 4396 ut
3021 4354 3179 4397 sane
3231 4337 3457 4402 valere

1960 4431 2237 4494 multum
2282 4430 2562 4511 debent,
2620 4447 2685 4497 at
2726 4447 2870 4528 tum
2909 4435 3120 4500 selum
3165 4437 3457 4517 valeant,

1960 4554 2109 4598 cum
2168 4533 2359 4598 nobis
2417 4533 2501 4599 de
2561 4554 2792 4600 eorum
2849 4534 2982 4602 fide
3038 4538 3240 4624 plene
3303 4561 3460 4606 con-

1960 4649 2106 4702 stat.
2188 4636 2446 4701 Bellam
2520 4637 2860 4704 enimvero
2930 4641 3195 4726 Traiani
3231 4643 3459 4709 ¹hiato·

1960 4739 2122 4806 riam
2144 4784 2162 4817 ,
2209 4759 2408 4827 quam
2452 4742 2604 4827 quis
2646 4762 2733 4807 ex
2777 4745 3090 4831 catalogis
3131 4766 3253 4813 seu
3298 4748 3457 4832 lapi·

2683 4846 2740 4908 1.
2785 4848 2806 4909 l
2852 4847 2878 4910 1
2924 4867 2959 4909 a
