4509 5584
1578 575 2272 649 DOMITILLA.

364 753 430 803 ta
465 754 597 817 est,
654 740 895 806 dein¹de
943 743 1193 834 debere
1243 763 1357 808 eos
1413 743 1612 808 tribui
1649 725 1876 809 Domi-

365 841 547 904 tillae
597 843 822 922 alteri,
890 866 1088 930 quae,
1163 845 1341 932 quod
1404 846 1711 925 sciamus,
1793 847 1874 911 ad

365 956 674 1005 neutrum
738 961 967 1011 evecta
1012 961 1133 1011 est.
1235 949 1435 1024 Sunt,
1496 950 1607 1033 qui
1648 949 1878 1013 Domi-

368 1043 552 1107 tillae
613 1045 887 1127 junioris
933 1050 1496 1114 consecrationem
1544 1036 1629 1113 ex
1669 1051 1872 1113 Statio

366 1158 598 1230 putant
629 1167 823 1230 posse
861 1152 1012 1214 ‘erui
1055 1154 1151 1235 ⁸),
1208 1172 1440 1218 verum
1483 1155 1634 1216 satis
1679 1173 1870 1235 appa·

363 1261 514 1324 ret,
573 1268 723 1311 eum
767 1247 1056 1315 locutum
1101 1274 1249 1318 esse
1293 1273 1480 1317 more
1524 1255 1869 1337 poetarum

372 1354 777 1438 principibus
812 1352 1232 1422 adulantium.
1294 1354 1548 1419 Eadem
1584 1358 1872 1421 enimve-

373 1478 454 1519 ro
500 1455 877 1520 conditione
921 1458 1289 1539 Augustum
1346 1479 1605 1544 quoque
1651 1460 1873 1523 vivum

371 1582 409 1623 a
449 1572 677 1622 senatu
717 1569 1168 1620 consecratum
1197 1558 1528 1642 oportebit
1562 1572 1906 1652 statuere„

373 1660 694 1751 quoniam.-
716 1656 1114 1750 eumadhuc
1147 1659 1476 1724 viventem
1508 1663 1698 1740 deum
1731 1682 1873 1746 pas·

375 1763 495 1825 sim
519 1759 917 1846 compellant
941 1762 1148 1834 Maro,
1180 1764 1373 1839 Naso,
1406 1762 1679 1847 aliique3
1715 1762 1871 1846 quin

373 1876 444 1927 et
483 1862 854 1925 Domitium·
880 1862 1163 1924 Neronis
1217 1877 1469 1946 patrem
1509 1845 1871 1926 naturalem

373 1963 757 2028 habebimus
800 1976 1286 2041 consecratum,
1331 1965 1478 2049 quia
1521 1963 1605 2027 de
1644 1984 1727 2029 eo
1759 1964 1875 2027 Se·

371 2048 727 2130 neca'disit
766 2062 882 2147 b)=·
913 2071 924 2078 ‘

504 2165 728 2242 Nero,
763 2172 902 2249 ipse
934 2167 1086 2229 divo
1120 2166 1423 2229 Domitio
1457 2170 1733 2246 genitus
1758 2186 1878 2248 pa-

1053 2253 1070 2270 ·
1586 2280 1704 2330 tre.

376 2367 839 2433 Tillemontius
900 2385 1163 2454 quoque
1228 2364 1396 2431 hanc
1462 2366 1869 2430 Domitillam

379 2485 827 2537 consecratam
854 2470 1016 2531 dixit
1047 2471 1129 2551 ο),
1166 2468 1285 2531 sed
1311 2459 1570 2532 non'nisi
1605 2488 1874 2554 sponso-

374 2574 559 2637 ribus
609 2572 823 2635 numis
862 2570 1140 2646 Goltzii‚
1220 2570 1338 2654 qui·
1373 2584 1522 2633 sunt
1568 2571 1639 2632 in
1681 2571 1871 2654 hujus

384 2677 723 2739 Thesauro
756 2672 1162 2737 huberrimo.

505 2781 597 2840 At
629 2776 806 2840 enim
844 2795 1072 2841 aversa
1113 2773 1384 2838 exhibet
1411 2775 1707 2838 thensam
1740 2793 1876 2834 mu-

340 2878 462 2956 ,lis
499 2891 792 2953 vectam,
848 2896 1050 2960 ergo,
1110 2878 1337 2962 inquet
1380 2876 1646 2959 aliquis,
1709 2876 1764 2936 si
1808 2873 1877 2934 hi

369 2963 560 3044 numi
590 2981 810 3043 forent
842 2965 1226 3040 Domitillae
1263 2978 1542 3053 sororis,
1588 2977 1732 3060 ipse
1766 2975 1874 3039 bic

355 3073 569 3165 'typus
617 3079 1113 3163 comprobaret,
1180 3099 1323 3143 eam
1370 3078 1574 3142 fuisse
1617 3078 1873 3160 superis

383 3183 795 3265 adscriptam.
856 3180 1108 3248 Verum
1144 3181 1289 3262 jure
1323 3201 1689 3266 negavero,
1717 3175 1872 3243 'car-

377 3288 647 3367 pentu'm
695 3281 906 3345 simile
944 3301 1092 3345 esse
1137 3295 1389 3344 certum
1441 3282 1875 3346 consecratio·

376 3386 479 3449 nis
531 3383 866 3447 indicium.
955 3380 1151 3476 Quod
1195 3397 1265 3446 ut
1299 3403 1462 3449 vere
1498 3383 1871 3460 adfirmem,

378 3453 577 3551 liceat
633 3503 997 3570 provocare
1055 3484 1135 3548 ad
1196 3475 1428 3550 numos
1469 3484 1873 3570 Agrippinae

377 3588 689 3664 senioris,
726 3587 840 3672 qui
876 3601 945 3651 et
981 3587 1437 3671 inscriptione,
1472 3599 1541 3651 et
1581 3601 1734 3670 typo
1772 3587 1874 3648 his

377 3690 621 3756 nostris
679 3687 848 3753 adeo
905 3703 1057 3751 sunt
1114 3689 1399 3767 similes,
1472 3703 1546 3752 ut
1593 3689 1874 3756 dubitari

376 3813 510 3857 non
563 3791 806 3876 possit,
869 3790 950 3853 ab
1004 3791 1136 3853 illis
1190 3778 1607 3876 praesentem
1649 3806 1871 3876 typum

375 3893 579 3956 fuisse
640 3904 925 3974 captum,
1005 3913 1080 3957 ac
1134 3907 1486 3977 propterea
1528 3894 1872 3976 insigniter

379 3993 460 4056 ad
506 3993 674 4056 banc
711 3991 970 4057 'causam
1015 3995 1253 4062 valent.
1339 3996 1595 4057 Horum
1643 4015 1872 4058 aversa

380 4109 518 4160 ests
582 4095 652 4159 S.
691 4095 766 4158 P.
802 4095 883 4189 Q.
915 4099 997 4161 R.
1031 4095 1535 4160 MEMORIAE.
1583 4095 1874 4157 AGRl'P·

384 4199 675 4262 PINAE.
787 4199 1042 4262 mensa
1085 4209 1142 4260 α’
1170 4201 1349 4261 binis
1392 4199 1593 4260 mulis
1636 4209 1874 4258 tracta.

381 4303 717 4365 Tenemus
797 4321 882 4364 ex
957 4300 1272 4366 S‘uetonio
1315 4297 1413 4381 d)‚
1512 4297 1872 4382 Caligulam

382 4405 573 4466 matri
645 4403 1049 4488 Agrippinae
1145 4402 1496 4465 instituisse
1582 4400 1871 4477 inferias,

450 4720 514 4790 a)
553 4716 694 4775 Silv.
725 4718 788 4775 L.
810 4717 853 4775 1.
885 4735 1064 4773 carm.
1098 4732 1143 4776 1.
1180 4734 1233 4772 v.
1253 4729 1343 4788 97.
1380 4724 1470 4789 98.

382 4805 452 4877 d)
489 4806 551 4863 in
582 4805 771 4882 Calig.
801 4827 852 4863 c.
876 4819 958 4869 15.
1185 4809 1248 4877 e)
1288 4806 1436 4860 Anu.
1457 4804 1582 4861 ΧΠ.
1614 4815 1703 4866 42.

1726 4715 1797 4789 b)
1839 4717 1897 4771 in
1933 4714 2177 4772 Octavia
2211 4733 2266 4771 v.
2288 4723 2410 4787 ²49·

1925 4807 1979 4876 f)
2019 4804 2220 4862 DLX.
2254 4808 2290 4874 §
2327 4816 2417 4865 22.

3336 592 3477 663 547

1984 749 2121 809 tum
2166 725 2552 819 Circenses,
2616 756 3159 829 carpentumque,
3238 721 3509 830 quo‘in'

1985 868 2224 933 pompa
2266 844 2757 924 traduceretur,
2820 858 2884 907 at
2927 844 3129 908 fuisse
3177 864 3327 908 eam
3364 867 3484 910 un·

1986 970 2176 1035 quam
2242 951 2727 1024 consecratam,
2805 967 3022 1032 neque
3080 947 3293 1040 numi,
3369 968 3504 1012 ne·-

1985 1070 2113 1135 que
2161 1048 2458 1112 historici
2504 1069 2772 1133 usquam
2808 1047 3268 1114 meminerunt.
3347 1050 3485 1114 Ho-

1982 1171 2128 1215 rum
2164 1151 2566 1235 Agrippinae
2604 1170 2958 1213 numorum
3000 1145 3251 1235 partem
3301 1173 3487 1220 aver·

1988 1276 2122 1318 sam
2168 1252 2500 1335 Caligula,
2570 1265 2680 1315 aut
2722 1251 2942 1316 verius
3002 1252 3308 1316 Claudius
3375 1254 3490 1319 de·-

1985 1356 2309 1441 prompsit
2352 1374 2437 1417 ex
2478 1352 2698 1414 nunris
2739 1354 3005 1431 Liviae,
3067 1355 3179 1440 qui
3222 1370 3483 1419 senten·

1986 1458 2141 1521 tiam
2189 1475 2404 1519 meam
2461 1454 2751 1538 apertius
2809 1454 3162 1519 stabiliunt.
3252 1459 3325 1519 In
3369 1443 3488 1521 ho·

1987 1580 2138 1622 rum
2183 1554 2533 1641 superficie
2566 1576 2693 1617 una
2721 1568 2855 1617 est:
2919 1557 2988 1622 S.
3014 1558 3097 1618 Ρ.
3136 1557 3220 1650 Q.
3257 1560 3340 1625 R.
3372 1560 3494 1627 lv-

1987 1657 2623 1727 LIAE.AVGVST.
2665 1659 3062 1738 carpentum
3092 1661 3327 1723 ubiuis
3350 1682 3486 1724 mu·
3526 1723 3535 1730 ,

1986 1764 2079 1825 lis
2109 1774 2421 1824 tractum.
2510 1759 2733 1821 Fuere
2778 1757 2849 1818 hi
2889 1759 3118 1823 Liviae
3160 1761 3374 1839 numi‘,
3419 1775 3493 1825 ut

1983 1863 2138 1926 l'oco
2184 1883 2304 1925 suo
2346 1860 2659 1938 vidimus,
2723 1846 3056 1924 ea‘adbuc
3108 1862 3370 1926 vivente
3405 1864 3489 1925 si·

1983 1964 2198 2047 gnati,
2264 1978 2471 2049 atque·
2510 1962 2712 2037 adeo,
2776 1974 3117 2047 antequam
3171 1962 3338 2029 divis
3389 1985 3535 2036 εισι,

1989 2078 2410 2142 censeretur,
2477 2065 2602 2147 jam
2646 2062 2770 2125 fuit
2814 2064 2878 2126 ei
2923 2064 3191 2129 decreta
3234 2066 3486 2128 thensa.

1988 2166 2292 2229 Eundem
2352 2166 2622 2230 thensae
2683 2165 3005 2228 honorem
3061 2167 3491 2251 Agrippinam

1986 2266 2316 2351 juniorem
2381 2266 2591 2331 adhuc
2663 2266 2885 2332 vivam·
2938 2268 3062 2330 sibi
3134 2267 3487 2353 adrogasse

1987 2367 2186 2431 tradit
2226 2367 2490 2432 Tacitus
2534 2368 2629 2449 θ),
2707 2382 2777 2431 et
2829 2369 3247 2433 Messalinam
3298 2369 3488 2433 Clau·

1989 2467 2081 2530 dii
2125 2469 2255 2531 Dio
2300 2469 2373 2549 f).
2451 2468 2646 2538 Vnde
2693 2467 3108 2553 perspicuum
3152 2484 3285 2549 est,
3343 2493 3485 2536 ear-

1988 2584 2257 2653 pentum
2304 2570 2507 2633 fuisse
2542 2570 2880 2633 decretum
2919 2571 3183 2655 publice
3226 2574 3486 2657 signum

1991 2671 2324 2755 amplioris
2359 2670 2697 2754 cujusdam
2731 2674 3206 2751 venerationis,
3252 2688 3317 2738 at
3354 2696 3492 2740 non

1991 2771 2529 2864 consecrationis.
2632 2775 2721 2836 Et
2762 2773 2919 2837 licet
2954 2795 3108 2839 sane
3154 2796 3236 2839 ex
3281 2778 3489 2839 omni·
3534 2839 3539 2848 ,

1992 2894 2160 2958 gena
2218 2872 2641 2936 similitudine
2686 2895 3036 2937 numerum
3081 2878 3484 2962 Agrippinae

1991 2975 2307 3051 senioris,
2368 2988 2436 3037 et
2476 2974 2863 3039 Domitillae
2902 2977 3262 3062 colligere,
3337 2999 3487 3063 ean·

1989 3080 2141 3141 dem
2201 3076 2466 3150 omnino
2524 3077 2862 3162 utriusque
2920 3078 3125 3144 fuisse
3170 3080 3489 3145 conditio-

1988 3201 2182 3260 nem;
2262 3177 2611 3263 utrobique
2682 3181 3066 3274 omittuntur
3136 3182 3308 3245 tituli
3369 3184 3489 3245 DI-

1989 3283 2206 3354 VAE,
2271 3293 2336 3344 et
2378 3279 2885 3360 AVGVSTAE,
2951 3283 3254 3366 quoniam
3310 3299 3487 3350 utra·

1990 3405 2116 3468 que
2167 3404 2382 3468 neque
2437 3396 2816 3447 consecrata
2862 3383 3018 3460 fuit,
3089 3406 3305 3471 neque
3354 3390 3486 3449 Au·-

1989 3499 2215 3569 gustae
2275 3485 2542 3546 nornine
2616 3483 2920 3568 insignis,
3005 3499 3075 3548 et
3132 3489 3477 3574 utrobique

1988 3587 2297 3649 scribitur
2356 3583 2869 3663 MEMORIAE,
2941 3587 3254 3652 suadente
3296 3591 3486 3653 nimi·

1987 3711 2133 3751 rum
2172 3690 2418 3773 pietate
2460 3687 2598 3751 illic
2641 3690 2711 3749 in
2753 3709 3029 3754 uxorem
3071 3689 3293 3757 fratris
3321 3677 3487 3757 Ger·-

1986 3791 2259 3866 manici‚
2325 3790 2430 3853 hic
2474 3789 2546 3850 in·
2581 3810 2900 3855 sororem.
2979 3792 3101 3856 His
3136 3795 3337 3877 igitur
3378 3817 3486 3858 ex·

1984 3893 2204 3973 pensis
2242 3911 2463 3979 *nemo
2520 3892 2727 3956 credo
2771 3896 2927 3970 erit,
3000 3896 3112 3979 qui
3167 3898 3473 3982 ambiget,

1985 4015 2213 4056 numos
2268 4012 2495 4056 omnes
2528 3994 2915 4058 Domitillae<
2946 3999 3214 4061 nomine
3247 3998 3490 4061 inseri»

1988 4109 2158 4178 ptos,
2197 4094 2308 4178 qui
2331 4098 2522 4156 divae
2550 4105 2618 4156 et
2637 4097 2993 4176 Augustae
3022 4097 3284 4160 nomina
3302 4100 3488 4162 omit·

1987 4208 2152 4271 tunt,
2202 4199 2382 4275 (sunt
2413 4208 2627 4257 autem
2660 4208 2904 4260 tantum
2940 4197 3129 4260 aenei
3159 4200 3209 4261 Ι.
3234 4200 3484 4265 formae

1990 4317 2137 4359 cum
2174 4315 2305 4358 uno
2353 4297 2482 4360 hoc
2529 4299 2796 4361 thensae
2831 4299 3019 4383 typo)
3073 4319 3220 4363 esse
3256 4302 3480 4367 Domi·

1991 4399 2183 4466 tillae·
2208 4396 2461 4480 juniori·
2486 4398 2891 4465 tribuendos.

2670 4716 2731 4785 c)
2773 4714 2829 4770 in
2858 4713 3106 4791 Vespas.
3141 4727 3248 4773 art.
3269 4717 3312 4775 1.
3348 4736 3406 4792 p.
3428 4715 3507 4780 3.‘

2778 4896 2990 4958 sz
