4509 5584
986 625 1132 697 405⁸

977 785 1059 844 C.
1266 718 1447 843 me,
1518 774 1861 842 NERVA
1936 774 2181 840 CAES.
2271 775 2475 843 AVG.

1259 880 1533 943 ΡΟΝΤ.
1558 879 1774 944 MAX.
1807 858 1947 943 ΤΒ.
1973 880 2049 945 Ρ.
2093 882 2306 962 Caput
2337 879 2482 943 lau-

1264 996 1558 1057 reatum,
1600 988 1676 1045 in
1716 984 1883 1093 ΑΥ.
1916 995 1986 1046 σε
2028 983 2191 1047 AR

1711 1083 1751 1123 s

1267 1189 1361 1252 Vt
1392 1186 1503 1252 lit.
1543 1185 1642 1251 A.

979 1284 2194 1366 CONCORDIA.EXER01TVVM.
2283 1291 2481 1352 Duae

975 1398 1295 1457 dexterae
1316 1376 1589 1472 Iunctae
1620 1389 1825 1468 juxta
1856 1393 2155 1472 aquilam
2186 1391 2484 1474 legiona-

976 1500 1151 1559 riam
1185 1514 1427 1577 prorae
1466 1494 1672 1577 nevis„
1697 1490 1997 1575 infixam.
2050 1494 2196 1561 AV.
2231 1495 2376 1559 AR.
2418 1506 2484 1556 ec

977 1598 1209 1659 addito
1246 1595 1317 1656 S.
1346 1594 1417 1657 C.
1453 1598 1526 1656 in
1558 1595 1701 1659 ΔΕ.
1725 1596 1775 1658 Ι.
1814 1595 2009 1667 (Mus.
2038 1595 2255 1669 Caes.)

1059 1697 1308 1760 Iudicat
1358 1710 1548 1780 typus
1599 1715 1867 1758 aversae
1924 1695 2343 1760 concordiam
2389 1696 2481 1757 le-

1914 1127 1958 1168 ,
2064 1132 2067 1135 .

978 1802 1244 1884 gionum
1304 1813 1435 1862 tam
1485 1798 1945 1874 terrestrium,
2015 1819 2205 1886 quam
2265 1797 2482 1861 classi·
2523 1874 2530 1880 ἲ

978 1922 1225 1965 carum.
1323 1916 1327 1920 ’

1266 2006 1340 2065 V
1332 2015 1358 2063 t
1392 2003 1498 2067 lit.
1528 2001 1620 2066 A.
1652 2014 1721 2063 et
1751 2001 1832 2065 B.

981 2103 1397 2169 CONGIAR.
1426 2105 1563 2168 PR.
1585 2104 1650 2168 S.
1681 2103 1757 2168 C.
1804 2103 2173 2186 Imperator
2207 2114 2482 2187 togatus

977 2210 1049 2270 in
1106 2219 1427 2290 suggestu
1487 2208 1837 2268 considens
1887 2205 2235 2268 adsidente
2277 2208 2484 2286 juxta

981 2305 1362 2391 aliafigura
1383 2321 1637 2390 togata,
1666 2305 2139 2391 adstatfigura
2164 2318 2483 2370 tesseram

978 2425 1246 2486 tenens,
1315 2421 1383 2471 et
1435 2392 1578 2472 alia
1612 2432 1733 2493 per
1756 2410 2013 2491 gradus
2049 2392 2484 2484 adscendens,

972 2532 1146 2592 pone
1163 2512 1469 2575 Palladis
1493 2514 1781 2592 signum.
1813 2508 1953 2573 ΑΕ.
1974 2510 2023 2573 Ι.
2046 2511 2243 2592 (Mus.
2265 2511 2481 2589 Caes.)

1064 2614 1313 2677 Numus
1362 2612 1471 2675 hic
1520 2612 1673 2675 satis
1721 2624 1819 2673 est
1859 2611 2198 2697 cognitus,
2266 2628 2332 2678 at
2379 2636 2482 2678 su-

981 2728 1200 2801 specta
1263 2713 1421 2776 mihi
1470 2715 1672 2778 lectio
1722 2714 1900 2777 numi
1943 2716 2210 2779 alterius
2260 2732 2482 2781 cetera

980 2818 1328 2895 simillimi,
1399 2837 1593 2903 quem
1654 2815 1860 2880 edidit
1916 2817 2182 2882 Petinus
2226 2825 2323 2902 ⁸),
2411 2823 2480 2882 in

979 2941 1112 3005 quo
1140 2919 1217 2983 xis
1269 2919 1465 3004 leg'it:
1526 2918 1944 2984 CONGIAR.
1988 2922 2070 2986 IL
2116 2921 2477 3005 praecipue

979 3025 1035 3085 si
1078 3045 1229 3109 pars
1277 3023 1549 3088 adversa
1598 3021 2008 3085 consulatum
2044 3025 2122 3084 11.
2159 3022 2476 3089 inscribit.

932 3172 941 3181 ι
978 3125 1357 3192 Verisimile
1402 3146 1534 3187 non
1582 3139 1712 3203 est,
1766 3126 2054 3190 Nervam
2091 3126 2307 3190 virum
2341 3147 2482 3189 mo·

980 3227 1335 3291 derationis
1376 3224 1680 3310 cognitae
1720 3226 1888 3291 intra
1922 3241 2058 3290 tres
2090 3248 2350 3291 menses
2379 3228 2480 3291 his

933 3326 938 3330 ’
980 3329 1387 3393 distribuisse
1432 3318 1873 3414 congiarium,
1918 3349 2085 3414 quae
2118 3331 2480 3394 liberalitas

981 3454 1133 3496 earo
1162 3433 1383 3497 stetit.
1443 3432 1727 3541 Videtur
1772 3453 1896 3517 pro
1944 3433 2083 3498 PR.
2126 3454 2481 3518 perperam

980 3536 1224 3618 legisse
1258 3538 1337 3597 11.

1275 3641 1364 3702 Vc
1393 3636 1498 3697 lit.
1531 3638 1603 3701 C.

856 3781 871 3795 .
981 3738 1171 3803 COS.
1204 3741 1287 3803 11.
1322 3737 1610 3804 DESIG.
1647 3740 1754 3800 111.
1785 3738 1863 3803 Ρ..
1894 3738 1971 3801 Ρ.
2020 3739 2253 3802 Diana
2287 3758 2479 3802 vena·

980 3844 1128 3906 trix
1175 3842 1495 3925 gradiens
1549 3843 1612 3904 d.
1650 3842 1975 3921 sagittam
2028 3858 2116 3902 ex
2151 3841 2478 3922 pharetra

971 3946 1224 4028 promit
1257 3945 1499 4006 comite
1529 3963 1715 4007 cane.
1763 3942 1904 4003 AR.

1065 4044 1396 4111 Observat
1448 4042 1876 4121 Vaillantius,
1962 4043 2136 4107 huuc
2206 4063 2478 4107 aversae

934 4163 1203 4234 §typum
1270 4147 1340 4210 in
1408 4160 1670 4210 moneta
1730 4149 2021 4211 Romana
2080 4146 2478 4210 insolentem

980 4272 1148 4317 esse.
1223 4251 1469 4314 Censet
1526 4249 1767 4331 igitur,
1834 4270 1984 4312 cum
2042 4249 2326 4313 Nervam
2395 4268 2480 4312 ex

981 4358 1177 4419 Creta
1245 4351 1593 4417 oriundum
1672 4351 1845 4414 dieat
1917 4351 2184 4429 Victor,
2273 4351 2481 4413 Diana

981 4470 1195 4520 autem
1240 4453 1557 4539 singulari
1606 4453 1675 4514 iu
1726 4455 1848 4517 hac
1892 4454 2103 4516 insula
2150 4453 2477 4539 religione

980 4559 1351 4634 coleretur,
1408 4571 1785 4640 propterea·
1810 4577 1954 4618 eam
2000 4555 2157 4625 huie
2204 4556 2478 4620 denario

1058 4791 1121 4861 a)
1151 4787 1334 4844 Thes.
1366 4806 1523 4843 num.
1556 4808 1617 4865 p.
1648 4797 1769 4850 154.
1973 4786 2046 4858 b)
2074 4783 2251 4845 XXX.
2281 4798 2362 4849 12.
2388 4799 2473 4852 13.

986 4879 1090 4955 tiq.
1122 4878 1186 4934 L.
1214 4876 1370 4936 XVI.
1400 4894 1450 4934 c.
1480 4881 1534 4940 6.
1737 4880 1799 4949 e)
1834 4876 1974 4932 Exc.
2011 4876 2187 4951 legat.
2229 4887 2349 4938 114.

2311 605 2838 717 NERVA·

2585 775 2926 839 insertam.
2972 772 3059 838 At
3094 773 3227 837 dixi
3251 797 3487 860 supra,
3528 796 3661 839 uon
3699 777 3872 842 satis
3905 779 4102 841 unius

2595 877 2886 946 Victoris
2974 877 3350 942 testimonio
3438 880 3757 943 Cretense
3829 882 4096 945 Nervae

2589 1001 2803 1067 genus
2853 980 3220 1066 probatum.
3284 982 3597 1045 Ceterum
3653 981 3888 1046 similis
3943 983 4102 1046 Dia-

2581 1104 2717 1148 nae
2749 1097 2936 1168 typus
2968 1082 3283 1169 *frequens
3315 1098 3417 1147 est
3446 1085 3516 1146 in
3543 1084 3757 1149 numia
3793 1086 4106 1171 Augusti,

2587 1206 2793 1272 quem
2841 1184 2936 1248 ibi
2991 1185 3074 1250 ad
3114 1186 3403 1252 Siciliam
3451 1186 3881 1253 referenchm
3936 1186 4105 1249 di'xi-

2595 1308 2760 1353 mus.

2888 1391 2981 1451 Vt
3017 1389 3122 1452 lit.
3159 1390 3255 1454 A.

2597 1490 2842 1554 FISCI.
2916 1492 3269 1558 IVDAIGL
3342 1490 3826 1562 CALVMMA.
3908 1492 4108 1556 SVB-

2598 1594 2865 1660 LATA.
2947 1594 3018 1655 S.
3058 1594 3137 1656 C.
3226 1596 3482 1662 Palma.
3557 1596 3822 1660 AE.1.
3900 1596 4104 1676 (mus.

2597 1698 2819 1778 Caes.)

2681 1797 2843 1859 Inde
2917 1821 2954 1860 a
3021 1795 3258 1880 primis
3328 1770 3739 1881 reipublicae
3800 1794 4104 1860 Iudaicae

2597 1898 3004 1983 temporibus
3062 1898 3286 1961 Iudaei
3343 1898 3682 1962 dimidium
3735 1897 3916 1974 sicli,
3980 1919 4107 1961 seu

2584 2001 2753 2066 duas
2800 1999 3139 2064 drachmas
3191 2001 3257 2060 in
3306 2022 3493 2063 usum
3541 2001 3759 2067 altaris
3802 2001 4104 2085 pendere

2589 2094 3022 2186 jubebantur,
3067 2115 3139 2163 ut
3182 2101 3414 2185 legere
3460 2116 3560 2165 est
3603 2102 3669 2164 in
3714 2101 3888 2165 libro
3927 2103 4108 2163 Exo-

2593 2205 2666 2267 'di
2695 2202 2783 2287 b).
2829 2205 2925 2266 Ea
2955 2202 3236 2288 pecunia
3267 2202 3541 2267 subinde
3563 2204 3643 2266 in
3671 2204 3904 2289 templi
3932 2227 4109 2266 sum-

2555 2320 2747 2392 'ptus
2789 2306 3039 2384 cessit,
3102 2306 3337 2370 collata
3387 2326 3521 2370 nou
3565 2305 3765 2369 modo
3820 2306 3900 2370 ab
3957 2307 4107 2385 his,

2599 2409 3055 2495 qui·1udaeam
3101 2409 3478 2485 incoluere,
3544 2408 3664 2472 sed
3725 2421 3793 2473 et
3846 2408 3927 2472 ab
3978 2410 4112 2485 iis,

2597 2512 2709 2599 qui
2755 2510 2822 2572 in
2874 2530 3254 2596 quacunque
3305 2510 3485 2574 orbis
3525 2525 3712 2596 parte
3756 2511 4108 2576 versaban-

2585 2627 2734 2691 .tur‚
2797 2613 3107 2676 Romanis
3166 2613 3489 2699 privatum
3544 2613 3717 2676 istud
3785 2613 4107 2676 tributum

2587 2715 2723 2799 jam
2787 2715 3186 2794 vetantibus,
3259 2716 3442 2801 eujus
3501 2737 3693 2800 supra
3749 2714 3819 2776 in
3882 2716 4106 2779 numis

2597 2818 2981 2903 Vespasiani
3037 2839 3102 2903 p.
3143 2818 3267 2895 327
3339 2819 3637 2903 exempla
3708 2816 3898 2894 dedi,
3973 2818 4110 2900 jam

2595 2921 2814 2984 edicto
2899 2907 3468 3004 permittentibus,
3553 2920 3739 3004 cujus
3833 2922 4111 3004 generis

2593 3045 2793 3086 unum
2840 3021 3106 3085 nomine
3151 3022 3433 3107 Augusti
3472 3021 3809 3107 vulgatum
3855 3043 4115 3108 propo-

2594 3126 2723 3188 suit
2757 3124 2952 3187 Philo
2987 3124 3264 3187 Iudaeus
3297 3135 3388 3201 c),
3431 3138 3495 3188 at
3528 3125 3716 3209 plura
3741 3123 3880 3186 'alia
3924 3127 4111 3189 Iose-

2589 3227 2762 3312 plius
2809 3227 2900 3310 d).
2979 3226 3163 3289 Idem
3203 3226 3399 3288 Philo
3456 3238 3871 3310 corrogatam
3929 3224 4110 3291 hanc

2589 3328 2941 3413 pecuniam
2997 3328 3347 3412 aliquoties
3390 3349 3514 3412 per
3558 3348 3709 3391 eum
3750 3340 4111 3403 tractatum

2596 3445 2785 3495 vocat
2822 3429 3152 3516 ἁπαρχιις,
3184 3434 3559 3514 primitias,
3596 3451 3759 3514 ergo
3798 3430 3913 3493 illa
3950 3451 4112 3494 ean·

2584 3532 2749 3597 -dern
2798 3531 3022 3597 habuit
3060 3546 3351 3597 naturam
3389 3552 3538 3595 cum
3573 3532 3653 3595 iis
3692 3533 4111 3610 muneribus,

2579 3657 2761 3719 „quae
2800 3635 2959 3698 olim
2992 3633 3292 3726 coloniae
3323 3633 3799 3719 metropolibus
3839 3636 3920 3700 ad
3968 3636 4114 3699 cul-
4227 3668 4240 3685 ·

2594 3751 2731 3798 tum
2795 3736 3160 3822 patriorum
3218 3735 3497 3799 deorum
3569 3736 3845 3819 singulis
3914 3737 4110 3800 aunis

2594 3839 2874 3903 mittere·
2919 3857 3367 3914 consuevere,
3440 3858 3570 3921 quo
3644 3838 3844 3901 modo
3904 3838 4112 3922 Poly-

2592 3941 2736 4004 bius
2770 3962 3030 4027 quoque
3060 3939 3315 4005 vocavit
3347 3937 3639 4023 ἄπαρχος·
3665 3932 3834 4001 illud
3855 3986 3872 4018 ,
3920 3932 4164 4025 quod'

2595 4043 3164 4126 Carthaginienses
3226 4043 3472 4124 Tyrum
3532 4041 3934 4126 metropolin
3996 4046 4128 4105 sti-²

2594 4168 2695 4209 am
2740 4146 3004 4208 mittere
3049 4158 3198 4208 sunt
3232 4145 3409 4207 soliti
3451 4155 3529 4220 e).
3584 4148 3674 4208 At
3705 4159 3962 4208 certum
4001 4160 4117 4207 est

2593 4249 2791 4311 ,etiam
2831 4260 3000 4311 teste
3045 4245 3283 4310 eodem
3329 4247 3610 4310 Philone
3654 4245 3743 4329 ¹⁶),
3805 4271 3843 4311 a
3899 4249 4113 4313 totius

2595 4349 2772 4413 orbis
2816 4349 3070 4415 Iudaeis
3126 4362 3409 4415 sanctam
3463 4348 3800 4414 civitatem
3855 4365 4114 4416 metro·

2592 4453 2764 4537 polis
2809 4452 2959 4518 loco
3004 4452 3206 4516 fuisse
3253 4452 3562 4516 habitam.
3637 4453 3954 4517 Ceterum
4005 4452 4110 4517 di-

2593 4569 2769 4619 ctum
2843 4554 3022 4645 illud⁸
3077 4555 3415 4617 dimidium
3475 4554 3623 4618 sicli
3681 4555 3807 4618 suit
3863 4571 4106 4621 notum

2683 4786 2746 4858 e)
2779 4780 2856 4839 de
2881 4783 3080 4861 Legat.
3112 4781 3189 4841 ad
3215 4783 3421 4842 Caium
3449 4804 3512 4861 Ρ.
3534 4796 3660 4859 592.
3871 4784 3940 4855 d)
3974 4787 4110 4842 Au·

2554 4877 2609 4949 s)
2654 4875 2905 4935 AdverS.
2943 4877 3140 4933 Flacc.
