4509 5584
1600 540 2231 618 TRAIANVS.

360 716 640 805 classem
692 716 769 778 in
805 713 1096 793 Moesia,
1149 728 1344 800 utque
1387 711 1553 778 adeo
1606 711 1674 775 in
1727 714 1856 777 Da·

358 817 564 897 nubio
610 816 924 883 adversus
970 815 1397 881 harbarorum
1445 815 1856 879 incursiones

362 902 663 992 stetisse,
711 918 1093 1003 comprobat
1126 931 1392 1003 praeter
1428 917 1656 1002 plures
1700 916 1855 978 alias

356 1021 700 1106 inscriptio
748 1021 1139 1084 Gruteriana
1169 1025 1264 1102 ⁸),
1340 1019 1406 1080 in
1450 1039 1573 1104 qua
1618 1019 1861 1080 classis

350 1125 631 1187 Flaviae
665 1124 1018 1186 Moesicae
1051 1119 1129 1185 fit
1180 1121 1451 1186 mentio.
1530 1122 1618 1182 At
1659 1117 1858 1183 maxi-

358 1244 466 1315 ina
508 1225 790 1307 Traiano
836 1246 917 1286 ex
962 1224 1107 1308 ipso
1150 1222 1420 1286 flumine
1475 1236 1658 1307 parta
1716 1222 1855 1305 glo—

357 1328 505 1403 ria,
575 1347 723 1391 cum
783 1325 947 1388 illud
1013 1340 1213 1410 ponte
1275 1324 1538 1410 lapideo
1609 1323 1853 1408 junxit,

351 1427 535 1513 quod
576 1448 779 1512 opus,
830 1428 884 1491 si
924 1428 1128 1492 Dioni
1175 1428 1342 1491 fides
1376 1449 1519 1492 eam
1568 1425 1856 1488 substru-

352 1531 647 1594 ctionem
684 1529 991 1593 adcurate
1028 1530 1451 1607 describenti,
1489 1529 1690 1610 longe
1724 1545 1859 1589 om-

354 1631 469 1695 nia
496 1631 757 1713 Traiani
801 1653 1003 1715 opera
1052 1633 1417 1714 superavit,
1469 1628 1861 1713 docuitque,

348 1733 520 1819 nihil
565 1754 751 1810 esse,
813 1733 989 1816 quod
1026 1733 1309 1796 humano
1359 1730 1627 1815 ingenio
1675 1728 1852 1793 effici

348 1849 636 1921 nequeat
663 1834 761 1914 b).
828 1836 1306 1918 Ejusformam
1351 1831 1631 1898 aedificii
1672 1830 1853 1894 vide·

342 1958 426 2000 re
466 1937 591 1999 sibi
621 1935 929 2002 videntur
970 1936 1213 2001 eruditi
1254 1937 1322 1997 in
1352 1933 1853 2014 columna-Tra·

341 2039 479 2121 jani
527 2040 776 2105 Romae
837 2038 1220 2122 superstite,
1307 2050 1377 2099 et
1441 2033 1709 2120 quidem
1758 2046 1853 2097 ta-

340 2139 498 2204 bula
539 2141 599 2202 E
642 2153 985 2224 segmento
1017 2139 1318 2207 Lxxlv.
1356 2134 1538 2202 num.
1582 2135 1708 2200 260
1751 2135 1857 2220 pi-

343 2254 579 2305 cturae
623 2241 1091 2320 Maronianae,
1148 2239 1400 2323 positae
1461 2240 1543 2303 ad
1601 2238 1849 2301 calcem

350 2342 681 2407 Thesauri
735 2364 1083 2407 numerum
1142 2343 1647 2426 imperatorum..
1718 2340 1853 2400 Ex-

342 2457 474 2509 stat
517 2445 709 2509 etism
760 2444 901 2528 ejus
936 2445 1152 2529 pontis
1196 2463 1387 2506 arcus
1419 2464 1584 2505 unus
1627 2442 1695 2503 in
1743 2461 1850 2503 ae·

343 2547 491 2611 neis
569 2544 953 2631 quibusdam
1015 2545 1281 2630 Trajani
1352 2544 1604 2622 nuruis,
1682 2563 1845 2629 quos

343 2648 498 2713 vide
526 2647 699 2712 infra
733 2647 910 2711 inter
954 2667 1190 2709 numos
1234 2667 1435 2731 vagos
1475 2644 1845 2710 consulatus

340 2752 426 2815 V.
486 2753 575 2812 At
617 2750 792 2814 enim
833 2769 969 2813 non
1009 2768 1287 2824 vereor,
1339 2748 1580 2821 νοθειας
1618 2757 1840 2808 notam

345 2850 719 2936 impingere
794 2871 994 2914 numo
1053 2870 1262 2913 aeneo
1328 2870 1365 2911 a
1408 2846 1840 2912 Mediobarbo

342 2951 522 3017 edito
570 2954 664 3036 ο),
742 2951 813 3014 in
890 2971 1054 3037 quoe
1137 2950 1393 3016 PONS.
1458 2949 1841 3013 TRAIANI.

339 3045 827 3124 DANVVIVs.
887 3066 1043 3138 typo
1098 3052 1351 3137 pontis,
1423 3070 1616 3136 quam
1669 3070 1844 3114 mer-

340 3175 486 3220 cem
529 3154 900 3222 verecunda
952 3154 1216 3240 quaevis
1266 3173 1491 3216 musea
1522 3152 1838 3216 hactenus

336 3236 812 3339 repudiavere,
884 3270 1079 3342 atque
1142 3254 1371 3318 similis
1432 3252 1680 3317 fraudis
1721 3253 1840 3338 fig-

336 3371 628 3425 mentum
659 3371 897 3444 reputo
926 3357 1429 3441 inscriptionem
1457 3356 1540 3418 ad
1571 3355 1698 3420 hoc
1730 3376 1830 3418 ar-

335 3474 715 3544 gumentum
777 3461 1257 3545 pertinentem,
1310 3456 1638 3541 vulgatam
1695 3456 1830 3541 pri-

334 3562 491 3627 dem
554 3584 591 3626 a
631 3561 878 3639 Lazio,
951 3574 1020 3626 et
1061 3558 1511 3638 Leunclavio,
1570 3558 1830 3622 restitu-

332 3676 466 3729 tam
500 3685 538 3727 a
585 3661 1027 3741 Grata-oph·
1071 3681 1263 3746 quam
1303 3660 1527 3723 ferunt
1567 3659 1637 3723 in
1670 3681 1832 3745 pon-

331 3781 403 3830 te
457 3763 749 3828 Danubii
785 3762 875 3830 sd.
915 3761 1135 3845 ruinas
1188 3762 1369 3826 urbis
1406 3761 1695 3827 Warhel·
1726 3781 1832 3847 re·-

329 3879 589 3951 pettam
607 3886 626 3927 ι

460 4065 1095 4136 Pnovmmns.
1168 4064 1375 4132 Ave.
1452 4063 1696 4129 vane

460 4169 983 4236 munnae.
1043 4165 1392 4235 vm'rvs.
1439 4163 1700 4229 nom

461 4274 602 4339 m.
636 4270 875 4365 qvu).
901 4268 1108 4336 NON.
1134 4267 1483 4334 nomm.
1506 4266 1701 4336 svn.

394 4695 461 4765 a)
497 4692 650 4769 pag..
659 4700 788 4755 575.
819 4705 876 4751 ι.
1046 4688 1119 4759 b)
1157 4687 1501 4749 L.va111.
1528 4692 1690 4761 §.15

318 4788 383 4861 c)
422 4781 610 4843 Diol.
636 4801 686 4840 c·

1873 4690 1935 4759 c)
1974 4691 2035 4745 in
2060 4688 2318 4764 Traiano
2348 4688 2428 4746 sd
2453 4689 2525 4748 V.
2550 4689 2618 4747 C.
2648 4699 2776 4755 858.

871 4779 927 4849 s)
968 4764 1043 4834 de
1077 4774 1330 4834 Aedific.
1359 4777 1557 4837 lustin.
1587 4777 1652 4834 L.
1675 4776 1775 4837 IV.
1812 4795 1859 4834 c.
1884 4779 1937 4841 6.

3322 574 3468 677 ιω

2095 710 2404 784 lvevn.
2456 714 2716 809 ecce,
2737 719 3167 805 aarum.
3218 727 3338 789 Er

2491 817 2940 888 nmvmvs

1952 1012 2076 1081 ,An
2136 1015 2205 1078 in
2268 1016 2409 1080 ullo
2483 1038 2762 1105 unquam
2820 1025 3266 1093 Romanorum
3331 1053 3478 1117 epi·

1972 1116 2367 1201 grammate,
2417 1123 2772 1208 praecipue
2816 1126 3118 1212 publico,
3179 1133 3467 1198 similem

1970 1219 2254 1303 legimus
2314 1221 2716 1302 orationem,
2790 1241 2858 1290 et
2908 1243 3037 1293 tam
3085 1232 3466 1301 indecoram

1969 1321 2386 1407 jactantiam?
2432 1338 2499 1388 et
2542 1347 2620 1389 an
2668 1326 2904 1412 dignus
2943 1333 3277 1417 majestate
3328 1340 3461 1403 Ro-

1972 1444 2161 1487 mana
2230 1424 2491 1509 ineptus
2567 1427 2640 1489 in
2702 1431 2916 1495 verbo
2968 1435 3466 1503 PON'rlFlcls

1972 1525 2202 1589 lusus?
2270 1527 2596 1590 Nimirum
2656 1550 2894 1596 recens
2953 1535 3468 1605 adulteratorem

1972 1627 2150 1691 {raus
2184 1649 2330 1691 sese
2376 1630 2776 1717 potissimum
2816 1635 2884 1697 in
2927 1636 3251 1723 fingendis
3285 1659 3468 1710 vete·

1966 1753 2115 1793 rum
2157 1729 2479 1815 prodigiis
2518 1736 2854 1815 exercuit,
2901 1760 3033 1823 quo
3063 1741 3319 1808 facilius
3352 1767 3478 1812 cu·—

1965 1816 2141 1916 pidia
2175 1831 2555 1897 illuderent.

2092 1935 2410 1997 Ceterum
2480 1954 2612 1997 non
2679 1935 3006 2018 defuere,
3081 1944 3194 2029 qui
3260 1949 3470 2014 verba

1963 2034 2197 2099 Dionis
2231 2037 2408 2099 hunc
2443 2049 2712 2118 pontem
2734 2060 2942 2126 usque
2977 2041 3148 2108 adeo
3179 2032 3468 2137 efferen-

1960 2136 2052 2200 tis
2091 2136 2165 2199 in
2222 2157 2508 2201 examen
2558 2155 2916 2220 vocarent,
2978 2165 3471 2239 negarentque

1962 2258 2159 2322 posse
2199 2239 2377 2302 datas
2416 2239 2498 2303 ab
2535 2260 2619 2305 eo
2660 2263 2997 2309 mensuras
3026 2266 3176 2311 cum
3203 2240 3465 2336 legibus

1961 2340 2495 2406 architectonicis
2533 2345 2950 2424 consistere,
3020 2366 3460 2441 quantumque

1965 2462 2049 2506 ex
2083 2443 2224 2524 ejus
2269 2444 2598 2529 reliquiis,
2657 2468 2823 2533 quae
2873 2469 3230 2533 supersunt
3262 2457 3466 2526 hodie

1963 2542 2044 2606 ad
2103 2559 2358 2628 portam
2428 2544 2717 2611 ferream
2769 2550 3068 2616 serviam
3111 2554 3326 2637 inter,
3394 2576 3465 2626 et

1962 2646 2370 2710 Walachiam
2404 2663 2625 2733 potest
2659 2648 2924 2734 colligi,
2978 2672 3145 2738 opus
3200 2660 3461 2727 univer-

1956 2746 2398 2812 sumdiditam
2443 2749 2525 2812 de
2580 2770 2663 2814 eo
2706 2749 2939 2814 famam
2982 2774 3117 2817 nou
3148 2780 3458 2844 aequare,

1952 2849 2248 2934 pilasque
2284 2861 2530 2912 tantum
2563 2850 2766 2914 fuisse
2799 2851 3127 2936 lapideas,
3162 2859 3462 2929 fornices

1956 2950 2237 3034 ligneos.
2317 2948 2492 3020 Vide
2527 2951 2802 3015 Marsilii
2836 2955 3214 3023 Danubium
3258 2966 3456 3030 variis

1957 3050 2159 3128 locis,
2221 3065 2291 3115 et
2332 3052 2403 3114 in
2449 3054 2848 3139 compendio
2889 3070 3116 3123 notem
3163 3063 3458 3131 Rsimari

1954 3153 2038 3219 ad
2070 3153 2244 3218 hunc
2277 3153 2510 3218 Dionis
2546 3155 2786 3220 locum.
2849 3158 3308 3243 Dejiciendum
3346 3190 3466 3232 au-

1953 3268 2087 3318 tem
2128 3255 2378 3320 curavit
2408 3256 2779 3322 Hadrianus
2807 3273 3143 3342 metuens,
3186 3288 3272 3332 ne
3307 3269 3458 3333 Bar·

1944 3355 2089 3421 bari
2124 3357 2462 3441 oppressis
2499 3359 2715 3443 pontis
2747 3361 3180 3429 custodibus
3159 3388 3227 3430 ιιι
3257 3371 3456 3435 Moe-

1944 3458 2115 3521 siam
2175 3459 2498 3524 intrarent
2541 3463 2624 3544 θ).
2734 3466 2936 3528 'I'este
3004 3467 3338 3555 Procopio
3391 3471 3448 3555 s)

1942 3558 2205 3645 utrique
2241 3562 2457 3646 pontis
2501 3562 2695 3648 capiti
2730 3562 3019 3630 additum
3048 3568 3174 3633 fnit
3218 3574 3461 3638 castel·

1943 3659 2116 3738 lum,
2174 3664 2525 3748 operisque
2563 3665 2958 3732 architectus
2997 3666 3457 3754 Apollodorus

1945 3764 2427 3843 Damascenus,
2484 3766 2673 3851 quod·
2703 3783 3111 3852 postremum
3149 3774 3450 3842 adfirmat

1946 3864 2141 3927 etiam
2176 3868 2466 3930 Tzetzes
2499 3870 2586 3948 8).

2068 3966 2174 4028 De
2204 3966 2441 4047 jactato
2475 3968 2608 4032 alio
2636 3984 2838 4055 ponte
2869 3973 3131 4056 lapideo
3164 3977 3234 4039 in
3249 3981 3439 4055 Istro,

1943 4084 2150 4150 opere
2217 4067 2621 4133 Constantini
2674 4074 2800 4147 M„
2883 4092 2960 4136 ac
3010 4075 3222 4165 nemis
3290 4080 3445 4160 ejus

1942 4166 2254 4263 testibus,
2338 4168 2491 4234 vide
2579 4171 2774 4254 hujus
2841 4174 3123 4258 Augusti
3218 4199 3450 4245 mone.-

1943 4281 2107 4335 tam..

2957 4692 3027 4766 d)
3063 4712 3198 4773 pag.
3224 4695 3341 4767 t62.
3374 4702 3430 4762 6.

2124 4780 2188 4853 g)
2229 4778 2289 4833 i‘n
2326 4777 2600 4835 Chiliade
2632 4779 2706 4838 11.

2630 4870 2941 4959 Ggge
