4509 5584
1580 573 2239 650 AVGVSTVS.

361 747 623 822 attinet,
666 756 921 809 exstant
959 742 1141 807 numi
1183 764 1317 809 non
1350 746 1737 831 pauci‘cum.
1763 760 1856 830 ty-

356 868 446 933 po
474 846 673 911 simili
704 860 773 910 et
807 844 1166 933 epigraphe
1200 846 1444 931 absque
1471 860 1689 913 tamen
1722 852 1855 913 Au·

359 949 533 1035 gusti
580 945 950 1024 mentione,
993 968 1157 1033 quos
1199 965 1557 1037 propterea
1593 951 1702 1016 hic
1741 952 1856 1016 de-

359 1051 619 1130 scribo,
681 1049 982 1136 quoniam
1030 1038 1117 1115 ⁸ad
1163 1053 1443 1117 eundem
1466 1100 1484 1135 ,
1542 1069 1651 1119 aut
1695 1055 1854 1122 vici-

354 1175 518 1220 num
553 1167 738 1220 certe
773 1174 1009 1216 annum
1043 1155 1403 1238 pertinenti

664 1257 733 1321 S.
764 1257 842 1321 P.
858 1254 954 1361 Ω.
990 1258 1071 1321 R.
1105 1260 1290 1320 intro
1321 1280 1633 1323 coronam
1666 1280 1854 1342 quer·

607 1395 623 1409 -
664 1380 836 1423 nam.

355 1457 662 1528 SALVS.
692 1442 1496 1527 GENER18.HVMAN1.
1545 1465 1854 1526 Victoria

348 1562 553 1645 globo
609 1563 946 1623 insistens.
1011 1562 1156 1629 AV.
1223 1563 1367 1628 AR.
1425 1563 1727 1645 (Motelli
1783 1563 1852 1626 in

354 1666 566 1748 Impp.
602 1674 670 1725 et
710 1662 980 1725 incertis
1008 1661 1243 1745 famil.)

486 1766 803 1830 Aversam
869 1764 1150 1828 similem
1215 1767 1344 1849 jam
1402 1766 1704 1831 dedimus
1752 1788 1855 1830 su·

358 1887 481 1951 pra
516 1864 599 1929 ad
639 1887 875 1929 annum
920 1867 1081 1948 734,
1124 1867 1189 1929 in
1225 1870 1415 1953 cujus
1443 1870 1625 1932 numi
1652 1869 1858 1933 altera

364 1968 715 2051 superficie
761 1969 1155 2032 exhibentur
1185 1970 1366 2054 signs
1398 1994 1436 2034 a
1462 1971 1720 2035 Parthis
1752 1992 1855 2036 re·

367 2084 583 2154 cepta.
630 2069 1012 2163 Quanquam
1058 2095 1094 2135 a
1127 2093 1292 2137 vero
1330 2072 1504 2137 forte
1540 2074 1684 2159 quis
1723 2095 1854 2137 non

365 2192 768 2256 magnopere
856 2174 1294 2253 aberraverit,
1393 2175 1505 2259 qui
1586 2197 1854 2238 numum

363 2289 777 2358 praesentem
834 2275 954 2340 sub
1015 2277 1262 2341 Galbae
1323 2277 1603 2363 imperio
1647 2279 1855 2363 signa·

362 2391 499 2439 tum
550 2380 734 2444 volet
780 2378 1120 2455 arbitrari;
1177 2401 1329 2442 nam
1379 2393 1448 2443 et
1487 2380 1731 2459 antica,
1787 2394 1853 2443 et

364 2500 595 2543 aversa
635 2480 816 2542 numi
868 2480 1061 2566 hujus
1105 2501 1256 2566 pars
1299 2478 1550 2566 ineius
1591 2496 1850 2546 moneta

342 2660 351 2671 ·
371 2580 826 2649 observantur.

726 2769 808 2832 V.
844 2768 916 2832 C.
941 2769 1090 2848 743.
1119 2768 1214 2834 A.
1248 2764 1344 2834 Χ
1379 2788 1479 2837 n.

447 2887 582 2953 Tu.
602 2888 689 2975 p,
718 2887 1127 2954 X11.X111.
1161 2888 1353 2956 coS.
1383 2888 1520 2957 ΧῙ.
1552 2890 1625 2953 Ρ.
1660 2889 1765 2977 M‚

924 3009 1128 3073 IMP.
1159 3008 1293 3073 XI·

366 3129 603 3191 Paullo
636 3128 845 3193 Fabio
880 3128 1229 3206 Maximo,
1290 3127 1371 3214 Q.
1410 3129 1613 3192 Aelio
1655 3128 1853 3192 Tube·

940 3250 1101 3292 rone
1137 3249 1271 3295 eos.

476 3396 742 3460 Drusus
771 3395 1142 3460 Cheruscos
1192 3394 1492 3475 infestat,
1548 3396 1857 3461 Tiberius

356 3498 691 3564 Dalmatas
733 3512 800 3562 et
834 3497 1245 3579 Pannonios,
1308 3500 1390 3564 L.
1419 3498 1575 3574 Piso
1614 3502 1856 3563 Bessos

3327 596 3466 680 109

1967 740 2249 829 Augusti
2290 740 2504 807 numis
2547 762 2696 807 cum
2736 742 3015 823 Latinis,
3071 759 3209 812 mm
3257 747 3464 816 Grae·

1969 846 2064 910 cis
2113 846 2309 909 toties
2358 845 2679 924 occurrit,
2737 847 2864 910 hoe
2909 847 3059 911 loco
3109 872 3328 936 agere
3364 855 3462 917 lu-

1967 947 2099 1013 bet.
2145 950 2339 1012 Hunc
2383 947 2622 1012 eximie
2653 947 2936 1013 illustrat
2970 950 3324 1017 Suetonius
3368 954 3457 1040 ι3),

1970 1070 2119 1113 cum
2152 1063 2404 1124 narrat,
2442 1049 2872 1132 Theogenem
2911 1053 3303 1134 Apolloniae
3336 1077 3467 1122 ma·

1968 1152 2432 1230 thematicum-,
2490 1172 2639 1215 cum
2680 1153 2744 1215 ei
2773 1154 3105 1238 Augustus
3143 1169 3279 1220 tum
3316 1159 3471 1224 ado·

1968 1252 2225 1317 lescens
2264 1255 2626 1337 genituram
2655 1278 2835 1319 suam
2871 1257 3138 1336 ederet,
3171 1280 3258 1324 =ea
3282 1260 3471 1324 audi·

1966 1370 2032 1420 ta
2082 1356 2426 1433 exiluisse,
2480 1376 2759 1443 eumque
2811 1359 3139 1426 adorasse.
3228 1362 3468 1445 Addit3

1970 1470 2231 1519 tantam
2270 1457 2928 1542 moxfiduceamfati
2960 1465 3322 1544 Augustus
3347 1465 3468 1528 ha·

1966 1562 2135 1636 buit,
2161 1573 2238 1622 ut
2269 1561 2492 1622 thema
2519 1582 2712 1624 suum
2747 1561 3140 1644 vulgaverit,
3167 1587 3470 1630 numum·

1969 1680 2095 1741 que
2124 1673 2530 1743 ‘argenteum
2577 1676 2737 1723 noto
2773 1664 3018 1726 sideris
3055 1672 3461 1748 capricorni,

1971 1782 2096 1841 quo
2118 1776 2318 1825 natus
2342 1775 2464 1839 est,
2475 1768 2900 1844 percusserit.
2937 1765 3211 1832 Profert
3237 1770 3468 1835 Schle-

1972 1861 2184 1948 gelius
2224 1862 2351 1926 alia
2393 1861 2587 1925 etiam
2629 1877 2970 1947 poetarum
3010 1870 3290 1955 Augusti
3343 1872 3463 1936 sub

1969 1967 2358 2050 capricorno
2415 1964 2549 2027 nati
2610 1969 2979 2032 testimonia
3022 1981 3118 2052 ⁰),
3196 1993 3326 2058 quo
3370 1973 3467 2038 lu—

1958 2089 2048 2132 ·co
2109 2068 2357 2151 pariter
2413 2066 2726 2131 verbosas
2798 2070 3210 2135 eruditorum
3264 2095 3468 2158 super

1971 2170 2100 2233 hoc
2177 2167 2476 2232 Caesaris
2556 2168 2928 2256 horoscopo
3001 2174 3463 2242 altercationes

1971 2271 2313 2356 recoquit,
2361 2291 2555 2354 quas,
2600 2272 2831 2355 quibus
2874 2288 3084 2340 tantae
3129 2298 3245 2340 eae
3283 2278 3466 2344 vide·

1962 2372 2247 2450 buntur,
2284 2372 2537 2436 adeant.
2595 2376 2907 2438 Ceterum
2941 2380 3298 2443 secundum
3331 2384 3467 2466 lly-

1970 2476 2191 2558 ginum
2226 2477 2290 2556 d)
2324 2474 2434 2541 hic
2467 2475 2888 2559 capricornus
2919 2481 3135 2565 reipsa
3161 2485 3296 2547 Pan
3328 2499 3461 2565 θεῖς

1967 2598 2112 2642 nam
2148 2578 2321 2641 hunc
2374 2578 2585 2641 refert
2616 2593 2796 2642 metu
2832 2584 3170 2666 Typhonis
3216 2608 3362 2651 sese
3393 2588 3460 2650 in

1966 2677 2213 2742 ssumen
2287 2678 2643 2762 abiecisse,
2720 2696 2789 2745 et
2859 2691 3047 2768 'parte
3122 2687 3459 2753 anteriore

1968 2780 2166 2859 hirci,
2200 2782 2565 2865 posteriore
2599 2784 2794 2867 piscis
2824 2785 3104 2851 sormam
3136 2787 3462 2866 induisse,

1964 2885 2150 2967 cujus
2197 2884 2533 2968 ingenium
2593 2885 2944 2952 admiratus
3010 2890 3259 2974 iupiter
3306 2896 3462 2956 eum

1967 2986 2290 3049 sideribus
2365 2987 2660 3052 inseruit.
2743 2990 2939 3054 Illum
3004 2993 3242 3057 Aratus
3308 3014 3463 3078 pro-

1964 3101 2196 3172 pterca
2283 3090 2647 3173 Aengona
2718 3092 3005 3175 appellat
3053 3100 3136 3176 e).
3238 3096 3460 3183 Capri-

1967 3211 2172 3254 corno
2219 3187 2289 3249 in
2338 3189 2441 3251 his
2491 3190 2706 3255 numis
2754 3214 2951 3280 saepe
3007 3195 3269 3261 additur
3315 3218 3460 3263 cor·-
3575 3252 3584 3257 .
3711 3224 3723 3240 ·

1963 3292 2324 3377 nucopiae‚
2385 3304 2455 3355 et
2516 3286 3029 3378 gubernaculum
3085 3300 3457 3385 explicante
3502 3367 3512 3377 ,

1970 3394 2144 3457 istud
2171 3394 2509 3458 Lactantio
2552 3394 2636 3474 ὓς
2673 3419 2828 3461 nam
2853 3400 3283 3465 simulatum
3308 3401 3459 3483 'ejus

1972 3497 2364 3579 (Fortunae)
2412 3518 2564 3560 cum
2626 3504 2819 3582 copia
2872 3515 2940 3564 ec
2996 3503 3454 3586 gubernaculo

357 3615 642 3686 superat.
722 3602 1055 3686 Augustus
1100 3601 1244 3685 ipse
1290 3601 1368 3663 in
1422 3601 1651 3664 Galliis
1700 3622 1851 3686 pro·
1942 3599 2251 3685 fingunt,
2307 3596 2626 3680 tanquam
2666 3602 2836 3666 haee
2880 3618 2945 3665 et
2981 3627 3135 3689 opes
3169 3608 3455 3685 tribuat,

357 3717 510 3787 pter
550 3702 716 3766 belli
757 3702 824 3764 in
853 3702 1087 3766 vicinia
1119 3703 1377 3767 turbida
1407 3704 1561 3787 agit.
1645 3705 1850 3766 Mori-

358 3815 469 3866 tur
500 3803 777 3883 Octavia
819 3804 1178 3869 secundum
1217 3805 1537 3883 Dionem,
1581 3817 1645 3867 at
1691 3806 1850 3868 Sue-

352 3905 537 3969 tonio
598 3926 770 3971 anno
825 3922 1144 3993 sequente
1189 3908 1271 3990 s).
1347 3907 1511 3971 lulia
1566 3906 1850 3991 Augusti

356 4004 491 4071 mia
531 4008 809 4072 Tiberio
837 4009 1046 4075 nubit.

643 4111 1142 4182 AVGVSTVS.
1192 4111 1403 4179 mvl.
1471 4111 1549 4177 F.
1633 4112 1848 4198 Caput

635 4215 906 4278 nudum.
946 4290 951 4295 ¹

358 4316 538 4378 mP.
580 4315 700 4380 XL
763 4317 1208 4397 Capricornus
1248 4313 1521 4397 globum
1566 4315 1851 4399 pedibus

359 4424 719 4504 stringens.
762 4418 904 4482 AR.
939 4420 1141 4497 (Mus.
1182 4418 1399 4499 Caes.)

482 4522 592 4588 De
637 4519 1009 4606 capricorni
1045 4532 1231 4606 typo,
1285 4516 1734 4606 quonismhic
1778 4518 1848 4580 in

1002 4728 1079 4802 b>
1114 4726 1262 4804 cap.
1288 4737 1380 4801 94.

1076 4818 1131 4891 s)
1169 4817 1354 4878 Instit.
1378 4818 1445 4879 L.
1466 4817 1567 4880 111.
1599 4832 1651 4878 ο.
1670 4831 1761 4894 29.

427 4735 492 4805 ι)
535 4731 686 4809 cap.
712 4733 805 4794 61.

353 4822 426 4891 ο)
460 4820 522 4879 in
545 4816 874 4880 Phoenom.

1582 4730 1645 4801 e)
1678 4725 1757 4783 nd
1783 4725 2017 4785 Metelli
2052 4727 2242 4803 Impp.
2268 4727 2337 4784 T.
2362 4727 2403 4783 1.
2427 4745 2487 4802 p.
2510 4732 2630 4800 194.

1962 3714 2032 3764 et
2060 3702 2505 3764 humanarum
2538 3724 2760 3766 rerum
2797 3710 3090 3788 regitnen
3132 3710 3454 3773 obtineat.

1966 3802 2216 3895 Globus
2260 3803 2437 3866 orbis
2487 3816 2814 3868 terrarum
2862 3808 3228 3890 symbolum
3280 3832 3454 3876 nunc

1965 3908 2160 3968 etiam
2251 3927 2636 3990 comparere
2705 3908 2772 3970 in
2863 3926 3126 3976 moneta
3202 3910 3451 3997 incipit.

1961 4007 2067 4070 De
2101 4009 2229 4070 hoc
2257 4007 2544 4072 Isidorus
2588 4010 2684 4093 g):
2733 4012 2952 4075 Pilum
2979 4018 3053 4075 ia
3077 4017 3272 4096 signo
3306 4036 3456 4076 eon·

1963 4113 2272 4172 sticuisse
2286 4111 2524 4191 firme·
2555 4114 2915 4194 Augustus
2935 4128 3205 4195 propter
3235 4119 3453 4181 natio-

1966 4233 2083 4273 nes
2122 4214 2257 4274 sibi
2313 4216 2385 4277 in
2445 4227 2681 4276 cuncto
2748 4212 2899 4277 orbe
2953 4216 3315 4297 subjectas,
3376 4234 3450 4284 ut

1964 4317 2185 4395 magis
2217 4312 2524 4397 figuram
2593 4317 2776 4379 orbis
2840 4321 3232 4384 ostenderet.
3327 4323 3454 4386 Ea·

1964 4414 2117 4479 dem
2162 4415 2636 4498 significatione
2676 4417 2732 4479 is
2767 4415 3083 4504 deinceps
3135 4439 3334 4506 saepe
3369 4424 3451 4486 ab

1964 4517 2278 4603 Augustis
2339 4540 2532 4582 manu
2597 4519 2992 4604 praefertur.
3082 4522 3295 4610 Saepe
3353 4526 3455 4591 illi

2831 4729 2905 4803 a)
2937 4729 3097 4793 1..11.
3128 4698 3280 4809 sigui.
3307 4733 3454 4793 enat

1962 4821 2030 4896 g)
2068 4817 2238 4894 Orig.
2267 4815 2563 4881 1..xv111.
2593 4837 2643 4875 o.
2666 4828 2716 4882 3.
