4509 5584
1129 588 1317 673 sm

1132 745 1317 830 cdjus
1377 741 1638 807 infamia
1710 739 1992 824 aliquot,
2068 747 2137 814 et
2186 734 2453 820 indigna
2508 737 2627 801 ho.

1128 849 1304 911 mine
1341 866 1496 910 sano
1535 838 2203 926 eti-ilustriexempla
2227 859 2621 905 commemo·-

1125 964 1228 1015 rat
1273 946 1622 1011 Suetonius
1653 947 1735 1027 ⁸).
1819 945 2152 1004 Mortuum
2196 956 2455 1005 senatus
2492 959 2619 1007 sta..

1122 1065 1229 1116 tua
1285 1070 1412 1134 pro
1465 1046 1701 1110 rostris
1753 1044 2126 1119 bonoravit,
2197 1063 2346 1108 cum
2390 1044 2631 1142 insci-ij„

1119 1155 1382 1239 ptione=
1457 1151 1744 1212 Pietatis
1782 1146 2145 1210 immobilis
2172 1164 2335 1227 erga
2366 1151 2618 1229 princi.

1292 1251 1326 1300 b
1366 1296 1382 1312 .

1108 1257 1592 1417 penin3aversa
1653 1348 1834 1411 numi
1879 1352 1931 1415 1.
1979 1349 2371 1432 proponitur
2420 1350 2610 1432 hujus

1113 1459 1191 1522 L.
1232 1452 1491 1523 Vitellii
1534 1464 1767 1536 caput,
1830 1464 1900 1513 et
1955 1451 2132 1536 quod
2176 1451 2468 1513 insolens
2519 1452 2609 1516 vi·
2642 1448 2664 1464 ⁶

1109 1557 1376 1631 deatur,
1426 1573 1615 1616 more
1653 1552 1946 1636 ipsorum
1981 1552 2426 1635 Augustorum
2476 1551 2609 1613 lau-

1106 1673 1400 1735 reatum,
1452 1655 1648 1739 cujus·
1668 1654 2099 1719 verisimilem
2143 1674 2399 1717 causam
2433 1653 2609 1716 dabi-

1106 1747 1253 1825 mus
1285 1759 1350 1823 in
1384 1768 1662 1822 tractatu
1694 1754 1778 1819 de
1817 1755 1997 1819 cultu
2023 1755 2255 1839 eapitis
2283 1756 2607 1839 Augusto·

1110 1885 1285 1928 rum.
1341 1859 1744 1922 Adstituitur.
1765 1870 2100 1940 sceptrum
2128 1856 2345 1940 aquila
2381 1876 2615 1938 super·‚

1105 1963 1208 2028 ne'
1231 1961 1622 2048 praefixum,
1656 1958 1967 2024 indicium
1997 1958 2336 2043 potestatis
2376 1977 2611 2032 consu·s

1100 2064 1281 2132 laris.
1345 2066 1420 2125 In
1455 2082 1653 2124 numo
1687 2064 1768 2126 11.
1806 2061 1993 2125 sedet
2028 2059 2252 2126 habitu
2287 2059 2602 2124 censoris.

1107 2149 1286 2258 Quid
1350 2163 1600 2227 indicet
1645 2183 1797 2246 pars
1840 2161 2090 2258 navis,
2127 2183 2254 2246 qua
2311 2161 2602 2224 sedentis

1103 2263 1742 2352 pedes'fulciuntur,
1795 2277 2345 2329 commentatores
2397 2263 2465 2324 in
2498 2284 2604 2327 re-

1097 2368 1296 2454 liquis
1364 2366 1697 2443 amnibus,
1762 2367 1972 2451 iisque
2025 2365 2233 2452 obViis
2302 2362 2600 2438 verbosi,

1102 2489 1378 2533 monere
1439 2470 1900 2553 neglexerunt.
1985 2467 2115 2542 Ea,
2172 2478 2243 2526 ut
2289 2464 2601 2548 conjicio,

1102 2555 1471 2635 iudicantur
1533 2584 1780 2646 rostra,
1850 2587 1981 2653 quo
2046 2566 2279 2651 quibus
2324 2566 2602 2647 positam

1095 2673 1181 2738 L.
1209 2672 1483 2740 Vitellio
1541 2696 1577 2736 a
1631 2683 1858 2736 senatu
1909 2681 2178 2731 statuam
2211 2690 2405 2752 supra
2441 2668 2604 2730 dixi-

1097 2796 1276 2851 mus,
1334 2773 1586 2858 fuitque
1628 2773 1905 2836 fortasse
1960 2769 2073 2832 illa
2109 2769 2348 2835 eodem
2398 2771 2596 2848 cultu,

1099 2897 1232 2962 quo
1269 2895 1415 2939 eam
1451 2896 1685 2937 numus
1724 2871 2054 2956 exprimit.

1222 2978 1478 3041 Aversa
1523 2974 1704 3039 numi
1747 2977 1854 3037 111.
1891 2986 2166 3057 propter
2209 2971 2599 3057 inscriptum

1097 3078 1472 3144 CENSOR.
1546 3080 1626 3141 11.
1694 3077 1843 3161 plus
1913 3074 2113 3137 offert
2175 3073 2603 3162 difficultatis..

1093 3179 1533 3256 uouendum,
1593 3178 1920 3262 adjectum
1960 3196 2305 3239 numerum
2347 3180 2597 3239 11.‘non

1098 3281 1439 3346 observari
1498 3280 1569 3341 in
1628 3300 1863 3356 numo,
1924 3298 2120 3362 quem
2179 3278 2388 3341 edidit
2428 3279 2598 3342 Pati-

1096 3406 1220 3447 nus
1270 3388 1350 3465 ο).
1438 3383 1706 3445 Diserte
1754 3380 1947 3445 etiam
1991 3393 2266 3444 testatur
2309 3381 2598 3464 Spanhe'-

1097 3486 1297 3561 mins,
1326 3505 1474 3547 eam
1502 3498 1722 3546 notam
1753 3483 1833 3545 ab
1865 3482 1965 3545 his
1991 3481 2205 3546 numis
2243 3481 2473 3544 abesse
2506 3480 2596 3560 d).

1095 3588 1234 3651 Sed
1267 3587 1447 3649 illam
1482 3584 1728 3647 addunt
1765 3603 1850 3646 ex
1889 3582 2371 3660 recentioribus
2416 3580 2597 3649 vail-

1094 3687 1331 3750 lautius
1377 3673 1473 3766 e),
1547 3683 1935 3762 Pedrusius,
2006 3685 2387 3759 Morellius,
2453 3686 2596 3746 Me-

1099 3787 1488 3865 diobarbus,
1535 3783 1901 3870 Tlienpoli,
1944 3786 2318 3850 Pembroelt
2356 3783 2430 3867 ἱ).
2516 3784 2594 3847 si

1097 3912 1325 3956 verum
1371 3903 1509 3963 est,
1569 3909 1715 3952 eam
1771 3901 1989 3951 notam
2046 3888 2334 3951 existere
2378 3886 2445 3948 in
2490 3886 2590 3947 his

2356 567 3013 646 VITELLJVS.

2742 734 3082 806 Vitelliam
3118 755 3463 803 censorem
3485 740 3722 806 iterum
3752 743 4002 827 prodat.
4049 744 4216 839 Quin

2739 839 2976 908 eodem
3039 842 3193 903 loco
3243 862 3375 902 non
3425 843 3773 922 admodum
3826 846 4075 924 alienus
4123 863 4218 912 est

2733 940 2814 1003 ab
2861 961 3091 1022 eorum
3140 944 3495 1024 sententia,
3573 947 3685 1030 qui
3726 969 3998 1011 numum
4051 950 4213 1013 hunc

2730 1041 2813 1126 ad
2844 1044 2925 1107 L.
2952 1043 3297 1111 Vitellium
3344 1046 3502 1108 Auli
3525 1049 3735 1112 nostri
3778 1051 4051 1115 fratrem
4075 1072 4215 1136 per·

2729 1139 2947 1208 tinere
2989 1160 3300 1224 censent,
3342 1148 3645 1232 quoniam
3689 1164 3757 1213 et
3799 1151 3939 1229 hic,
3998 1166 4074 1216 ut
4112 1154 4212 1231 ait,

2729 1229 3076 1328 censorem
3121 1250 3354 1332 egerit.
3429 1250 3518 1312 At
3560 1271 3689 1335 quo
3730 1251 3907 1316 istud
3949 1268 4208 1318 auctore

2728 1348 3019 1428 adserit?
3092 1362 3284 1433 atque
3344 1363 3417 1412 ut
3458 1350 3724 1430 demus,
3770 1354 3986 1436 ‘etiam
4051 1355 4210 1419 hunc

2725 1450 3019 1511 censoris
3053 1472 3329 1518 munere
3366 1451 3681 1531 functum,
3719 1476 3801 1517 an
3839 1455 4035 1519 etiam
4066 1477 4225 1520 cen··

2725 1570 2839 1611 sor
2880 1550 3119 1613 iterum
3167 1553 3443 1630 exstitit,
3500 1554 3675 1640 quod
3719 1569 3938 1619 tamen
3983 1577 4065 1621 ex
4105 1557 4213 1619 bo·

2722 1671 2870 1713 rum
2928 1654 3284 1736 praeconio
3346 1654 3590 1719 adserit
3654 1659 3943 1722 numus?
4019 1657 4209 1754 Quid·

2723 1752 2880 1836 qnid
2928 1754 3038 1829 sit,
3100 1754 3272 1818 istud
3330 1769 3613 1835 certum,
3689 1778 4039 1824 censorem
4085 1782 4207 1824 non

2719 1853 2922 1918 fuisse
2969 1856 3450 1937 LVitellium,
3501 1858 3627 1922 nisi
3669 1882 3799 1948 nna
3845 1878 3998 1924 cum
4033 1863 4209 1926 Clau-

2722 1954 2868 2034 di03
2924 1971 2989 2020 at
3036 1957 3143 2022 bio
3199 1960 3269 2021 in
3314 1960 3782 2037 marmoribus,
3836 1983 4005 2046 quae
4044 1963 4209 2028 vide·

2717 2077 2796 2120 re
2838 2060 3168 2144 est'apud
3198 2053 3589 2141 Gruterum,
3646 2076 3716 2126 et
3765 2066 4207 2142 Muratorium,

2720 2178 2959 2222 censor
3001 2161 3267 2244 quidem
3315 2164 3587 2242 dicitur,
3635 2165 3817 2229 nulla
3852 2180 4073 2231 tamen
4098 2169 4208 2233 ite-

2716 2261 2843 2322 rati
2893 2261 3305 2344 magistratus
3354 2265 3570 2331 addita
3616 2281 3803 2343 nota3
3882 2287 4055 2353 ergo
4106 2249 4215 2333 ne:

2719 2378 2846 2444 que
2888 2362 3247 2429 verisimile
3292 2381 3430 2442 est,
3474 2367 3816 2436 Vitellium
3857 2369 4097 2434 iterum
4122 2370 4207 2433 di·

2718 2475 2891 2524 ctum
2932 2484 3302 2532 censorem.
3379 2470 3451 2531 Si
3490 2470 3691 2553 igitur
3742 2492 4060 2536 numerus
4107 2473 4203 2535 hic

2716 2584 2877 2630 vere
2940 2581 3046 2630 est
3104 2568 3435 2652 adjectus,
3499 2572 3973 2636 inveniendum
4022 2575 4202 2638 etiam

2718 2680 2819 2729 est
2879 2667 3161 2751 aliquid,
3220 2691 3350 2754 quo
3409 2671 3466 2734 is
3526 2672 3740 2757 aliqua
3796 2676 3942 2739 veri
3996 2676 4202 2759 specie

2716 2768 3104 2851 explicetur.
3184 2823 3191 2829 .
3233 2772 3499 2836 Tacitus
3607 2773 3854 2840 diserte
3961 2777 4200 2861 prodit,

2715 2870 3054 2933 Claudium
3074 2872 3156 2938 V.
3174 2872 3244 2936 C.
3269 2874 3387 2934 801
3420 2874 3796 2939 condidisse
3821 2876 4097 2941 lustrum
4124 2875 4201 2959 ιι).

2714 2959 2967 3036 Tamen
3043 2972 3222 3035 idem
3294 2974 3514 3056 paullo
3594 2976 3786 3039 altius
3827 2974 3914 3059 ἱ),
4021 2993 4200 3065 atque

2713 3072 2911 3138 etiam
2942 3074 3075 3138 Dio
3105 3074 3209 3157 k),
3272 3075 3613 3140 Claudium
3656 3079 3786 3162 jam
3817 3100 3989 3144 anno
4030 3102 4202 3163 prae·

2712 3175 3033 3253 cedente,
3106 3196 3347 3260 nempe
3397 3177 3481 3245 V.
3536 3180 3608 3245 C.
3664 3181 3792 3243 Boo
3840 3182 4195 3245 censoriam

2711 3290 3099 3362 potestatem
3191 3280 3571 3343 exercuisse
3662 3294 4004 3346 testantur.
4102 3284 4198 3346 Ad

2710 3380 3149 3463 posteriorem
3196 3379 3391 3442 etiam
3436 3382 3610 3446 hunc
3661 3405 3899 3446 annum
3955 3385 4195 3450 Claudii

2710 3500 3054 3543 censuram
3102 3482 3314 3545 refert
3355 3483 3607 3546 Plinius
3648 3481 3716 3565 ¹).
3799 3485 3964 3548 Cum
4006 3489 4193 3572 igitur

2711 3601 2939 3645 omnes
2987 3583 3059 3645 bi
3106 3582 3463 3668 scriptores
3513 3598 3877 3666 testentur,
3931 3603 4193 3652 actama

2710 3684 2983 3748 Claudio
3025 3705 3368 3749 censuram
3421 3685 3506 3753 V.
3558 3688 3631 3750 C.
3670 3686 3832 3764 Boo,
3892 3691 3975 3754 'ac
4029 3689 4193 3753 dein·

2708 3785 2792 3849 de
2824 3786 3106 3866 ,definite
3154 3788 3419 3853 Tacitus
3475 3800 3791 3873 sequente
3840 3812 4012 3855 anno
4056 3812 4191 3856 con·

2707 3887 2912 3950 ditum
2946 3891 3220 3952 lustrum
3262 3902 3559 3968 testetur,
3598 3904 3855 3954 certum
3889 3906 4015 3969 est,
4058 3911 4191 3955 coe·

1089 3993 1340 4070 numis,
1401 3990 1774 4076 oportebat,
1850 3990 1961 4074 qui
2001 3990 2155 4051 illes
2201 3988 2587 4072 vulgavere,
2703 3989 2880 4072 pisse
2929 4011 3073 4054 eam
3126 3991 3390 4075 quidem
3438 3991 3523 4058 V.
3570 3992 3642 4056 C.
3689 3993 3854 4086 Boo,
3924 3993 4046 4057 sed
4093 4004 4187 4057 aut

1091 4096 1234 4178 eius
1308 4094 1600 4177 adjectae
1677 4093 1998 4158 rationem
2063 4090 2350 4155 adferre.
2452 4085 2591 4151 Ho-

1088 4220 1234 4262 rum
1282 4217 1448 4261 uuus
1480 4195 1896 4281 Schlegelius
1941 4194 2163 4280 paucis
2210 4213 2356 4258 rem
2390 4199 2588 4277 expe·

1089 4300 1212 4362 dit:
1251 4302 1366 4363 Ιιίο
1389 4321 1669 4364 censura
1691 4300 1911 4361 altera
1936 4298 2227 4375 ejusdem
2249 4298 2473 4359 obviat
2502 4295 2589 4373 8),
2700 4297 2832 4359 ritu
2877 4295 3136 4359 solenni
3189 4298 3493 4361 clausam.
3578 4297 3763 4361 Idem
3810 4298 4072 4363 videtur
4099 4299 4182 4359 in·
4248 4301 4261 4312 “

2699 4417 2907 4462 nuere
2956 4397 3339 4475 Suetonius,
3403 4418 3552 4462 cum
3598 4400 3878 4465 eandem
3935 4399 4178 4463 Claudii

1088 4424 1320 4468 verum
1364 4399 1610 4464 addere
1656 4413 1889 4464 testem
1949 4399 2269 4483 negligit,
2349 4398 2462 4483 qui
2502 4398 2583 4461 L.

2702 4091 3166 4176 interruptam,
3265 4106 3375 4162 aut
3410 4123 3419 4128 ·
3458 4094 3629 4155 male
3718 4095 4179 4168 continuatam,

2703 4194 3058 4279 impensius
3096 4208 3493 4278 resumptam
3529 4215 3697 4258 anno
3733 4211 4085 4277 sequente,
4126 4208 4183 4259 et

1766 4635 1837 4706 b)
1878 4634 2043 4693 Suet.
2075 4632 2115 4691 l.
2136 4654 2186 4691 c.
2223 4651 2353 4707 cap.
2376 4643 2430 4695 3-

1715 4724 1769 4794 s)
1801 4722 2074 4782 Part.111.
2099 4724 2219 4781 tab.
2245 4735 2330 4781 12.

1713 4812 1781 4885 k)
1820 4812 1884 4871 1..
1903 4812 2019 4871 Lx.
2050 4824 2137 4887 29.

1163 4643 1224 4704 a)
1259 4634 1465 4694 Vitell.
1495 4653 1546 4692 c.
1566 4647 1617 4695 2.

1092 4738 1156 4803 e)
1187 4728 1362 4786 Num.
1388 4736 1604 4800 praest.

1092 4827 1138 4895 i)
1179 4815 1445 4878 Ann.X1.
1483 4826 1564 4878 13.

2580 4633 2642 4702 c)
2681 4630 2761 4687 ad
2789 4630 2948 4688 Suet.
2980 4631 3042 4687 in
3068 4629 3267 4690 Vite-ll.
3301 4651 3351 4689 e.
3370 4644 3424 4693 2.

2442 4721 2509 4797 g)
2537 4721 2598 4777 in
2626 4718 2854 4778 Μαι-ευ.
2879 4719 3074 4797 Impp.
3101 4720 3272 4781 Tom.
3289 4722 3361 4780 11.
3391 4739 3453 4798 p.
3472 4726 3598 4786 236.
3710 4721 3785 4793 h)
3813 4721 4074 4779 AnmXL
4091 4730 4170 4782 25.

2253 4811 2339 4883 ,1)
2376 4810 2443 4867 1..
2460 4811 2530 4867 X.
2562 4829 2614 4867 e.
2636 4822 2688 4871 2.

3574 4631 3645 4706 d)
3684 4634 3854 4691 Tom.
3875 4633 3948 4693 11.
3978 4653 4042 4709 p.
4060 4642 4171 4695 475.

4406 3881 4409 3952 l
