4509 5584
1369 516 1390 529 '
1498 545 2341 642 VESPA81ANVS.

360 717 543 800 cujus
579 717 646 779 in
676 716 889 780 Gallia
925 715 1296 780 rebellione
1351 716 1602 801 egimus
1634 720 1717 784 ad
1751 742 1859 783 an·

359 821 646 886 num.V.
682 820 753 882 C.
783 819 945 894 823,
998 838 1146 881 cum
1192 819 1298 884 IX.
1352 841 1552 885 annos
1601 823 1670 884 in
1715 844 1859 905 spe-

358 921 552 983 lunea
593 920 845 985 abditus
891 919 1169 997 lateret,
1220 937 1546 1004 repertus,
1582 925 1856 987 Romam

360 1020 722 1104 perductus
805 1033 872 1084 et
905 1041 1090 1084 -cum
1164 1042 1371 1085 uxore
1459 1038 1671 1088 morte
1750 1025 1860 1088 ad-

361 1121 577 1186 fectus
641 1136 742 1185 est
773 1123 854 1202 ⁸).
939 1120 1224 1185 Moritur
1274 1125 1712 1207 Vespasianus
1749 1128 1856 1191 IX.

360 1223 504 1289 Ral.
538 1224 658 1288 Iul.
689 1245 927 1286 annum
958 1246 1159 1308 agens
1181 1225 1414 1291 LXIX.
1453 1245 1650 1309 super
1682 1249 1862 1290 men·

362 1346 467 1388 ses
503 1327 648 1391 VII.
690 1346 764 1387 ae
798 1324 944 1387 dies
963 1326 1235 1389 totidem
1266 1325 1367 1407 b),
1397 1341 1736 1413 postquam
1767 1330 1863 1390 in-

363 1427 448 1488 de
482 1448 518 1489 a
550 1425 695 1492 [tal.
729 1427 856 1487 lul.
894 1426 1017 1487 822
1063 1449 1266 1492 annos
1303 1425 1413 1490 IX.
1457 1450 1718 1493 menses
1748 1431 1856 1494 XI.

367 1528 509 1592 dies
542 1527 775 1588 XXIII.
821 1527 1202 1610 imperando
1242 1530 1595 1612 explesset.

492 1627 647 1692 Fuit
691 1627 792 1690 vir
834 1626 914 1688 iis
959 1627 1366 1711 temporibus
1417 1629 1860 1708 necessarius,

371 1729 485 1816 qui
513 1742 812 1795 veterem
853 1728 1113 1813 imperii
1139 1730 1561 1813 splendorem
1597 1753 1865 1815 praece-

367 1832 680 1898 dentium>
704 1832 1055 1898 Caesarum
1099 1830 1352 1914 ignavia
1386 1853 1460 1896 ac
1500 1834 1864 1897 sceleribus

367 1923 869 1998 contaminatum
923 1925 1196 2016 egregie
1252 1932 1622 2002 vindicavit.
1732 1934 1865 2027 Qui

368 2036 511 2115 ejus
544 2034 741 2098 vitam
787 2033 1145 2096 memoriae
1184 2033 1568 2115 prodidere,
1616 2037 1868 2121 copiosi

367 2148 517 2199 sunt
553 2136 618 2196 in
650 2133 1161 2198 commendanda
1193 2133 1334 2216 ejus
1368 2134 1641 2217 justitia,
1692 2160 1868 2201 man-

369 2235 751 2313 suetudine,
803 2236 1203 2319 integritate.
1273 2235 1492 2301 Comis
1526 2259 1685 2323 erga
1730 2261 1870 2302 om·

371 2358 525 2415 nes,
584 2351 651 2400 et
692 2357 991 2401 accessus
1035 2336 1280 2414 facilis,
1343 2337 1583 2422 quique
1629 2360 1864 2424 graves

366 2436 633 2524 imperii
693 2459 913 2516 curas,
974 2438 1055 2502 ad
1110 2458 1267 2522 quas
1328 2461 1641 2505 summam
1702 2443 1864 2525 vigi·-

364 2542 666 2618 lantiam,
734 2554 803 2604 et
847 2539 1250 2602 indefessum
1296 2539 1580 2605 studium
1613 2546 1859 2622 attulit,

368 2642 659 2718 facetiis,
729 2639 1286 2726 familiaribusque
1334 2642 1496 2725 ineis
1541 2657 1866 2728 tempera-

364 2753 455 2807 re'
495 2745 725 2808 solitus
784 2759 961 2821 erat,
1026 2763 1303 2827 quorum
1354 2745 1693 2829 complura
1755 2767 1870 2811 ex·-

371 2846 588 2929 empla
647 2840 938 2929 prodidit
998 2844 1372 2909 Suetonius.
1459 2850 1619 2911 Tam
1680 2869 1865 2931 prae-

371 2947 588 3011 claros
636 2966 856 3009 mores
922 2968 1046 3010 una
1101 2945 1420 3029 pecuniae
1477 2969 1868 3014 coacervan-

370 3047 494 3112 dae
558 3047 905 3132 cupiditas,
985 3060 1052 3112 et
1108 3045 1378 3132 indigna·
1446 3070 1536 3113 eo
1603 3050 1865 3135 fastigio

369 3149 636 3216 avaritia
701 3168 1130 3231 corrumpere
1190 3162 1293 3213 est
1356 3149 1529 3229 visa,
1608 3156 1867 3218 tametsi

370 3266 646 3337 propter
688 3251 1076 3314 exhaustum
1106 3251 1365 3334 penitus
1418 3253 1752 3316 aerarium
1786 3254 1869 3319 ad

370 3376 479 3418 eas
517 3374 588 3417 se
620 3353 852 3416 sordes
892 3352 961 3417 vi
991 3353 1393 3436 compulsum
1418 3354 1866 3437 profiteretur.

368 3456 553 3519 Idem
603 3473 853 3530 tamen,
913 3454 1026 3538 qni
1084 3454 1385 3536 privatim
1444 3478 1709 3538 parcus,
1772 3458 1863 3524 vi-

366 3569 476 3621 tae
529 3557 860 3634 modicae,
941 3569 1009 3618 et
1060 3554 1130 3616 in
1184 3557 1628 3621 exactionibus
1679 3580 1865 3625 seve·

366 3682 482 3725 rus
531 3660 688 3736 fuit,
764 3658 1038 3742 egregie
1106 3678 1181 3720 ac
1238 3660 1505 3740 profuse
1575 3659 1868 3724 liberalis

368 3761 527 3840 fnit,
611 3782 761 3826 cum
814 3760 894 3823 ad
944 3758 1466 3843 amplificandum
1515 3762 1734 3839 urbis,
1792 3784 1867 3826 ac

379 3862 643 3948 imperii
702 3863 905 3925 decus
949 3875 1242 3945 sumptus
1299 3876 1488 3926 erant
1548 3864 1867 3947 faciendi3

373 3986 522 4027 nam
568 3984 699 4025 non
754 3962 952 4025 modo
1010 3963 1400 4046 Capitolium
1447 3959 1692 4045 ‘insigni
1741 3988 1869 4029 ma-

379 4065 754 4150 gnificentia
798 4066 1148 4140 exstruxit,
1198 4066 1453 4149 reliqua
1493 4085 1872 4127 monumen·

371 4180 441 4230 ta
495 4164 746 4236 eodem,
797 4187 943 4229 cum
991 4166 1311 4248 Capitolio
1372 4165 1681 4228 incendio
1726 4186 1870 4228 cor-

372 4282 566 4352 rupta
613 4266 972 4350 reparavit,
1050 4266 1523 4351 aquaeductus,
1605 4286 1680 4330 ac
1735 4267 1869 4330 vias

371 4390 496 4452 per
552 4370 903 4454 imperium
965 4368 1253 4444 vitiatas,
1315 4366 1610 4433 adflictas
1649 4380 1868 4430 terrae

447 4688 508 4756 a)
546 4683 659 4741 Dio
689 4684 756 4740 L.
775 4683 978 4748 LXVI.
1008 4655 1167 4756 §.¹6.
1204 4681 1505 4742 Plutarch.
1535 4681 1595 4740 in
1626 4683 1947 4747 Amatorio.

372 4774 437 4834 L.
457 4775 521 4832 L.
556 4775 656 4832 lib.
674 4774 804 4834 VH.

504 4885 693 4963 (Vol.
724 4884 878 4964 VI.)

3327 567 3465 670 ³³²

1972 734 2268 785 tremore
2302 714 2511 781 nrbes
2535 713 2857 792 restituit,
2902 714 3021 779 sed
3053 719 3240 782 novis
3275 721 3472 783 etiam

1973 821 2287 886 aediliciis
2360 815 2594 882 urbem
2672 817 2963 896 ornavit,
3050 818 3227 883 inter
3305 842 3472 906 quae

1973 923 2295 1008 templum
2354 920 2551 984 Pacis·
2600 932 2875 1002 propter
2939 922 3473 1006 magnitudinem,

1973 1037 2041 1087 et
2079 1021 2629 1107 magnificentiam
2681 1019 3097 1085 admirationi·
3134 1024 3291 1101 fuit,
3344 1048 3476 1091 am·

1974 1126 2420 1210 phitheatrum
2485 1142 2650 1189 vero
2693 1122 2777 1212 in·
2824 1122 2997 1186 hunc
3058 1122 3234 1188 diem
3277 1130 3480 1192 maxi-

1974 1248 2079 1290 ma
2103 1226 2202 1290 sui
2227 1237 2412 1308 parte
2435 1237 2768 1306 superstes
2800 1223 2940 1307 ejus
2968 1224 3306 1292 liberalem
3342 1232 3477 1294 ani·

1974 1350 2153 1392 mum
2187 1346 2376 1390 serae
2416 1325 2782 1407 posteritati
2815 1326 3251 1418 depraedicat.
3299 1332 3476 1425 Quin

1977 1445 2045 1494 et
2082 1430 2463 1493 consulares
2500 1426 2732 1510 inopes
2770 1431 3116 1512 quingenis
3156 1434 3479 1499 sestertiis

1979 1529 2435 1603 sustentando,
2485 1527 2757 1611 aliisque
2803 1529 3297 1596 liberalitatibus
3342 1535 3481 1599 nte-'-

1977 1633 2144 1708 ruit,
2181 1646 2253 1694 ut
2286 1631 2351 1691 in
2387 1650 2585 1693 omne
2617 1631 2953 1694 hominum
2997 1653 3203 1716 genus
3240 1635 3479 1701 libera-

1978 1734 2264 1798 lissimus
2299 1754 2334 1794 a
2372 1730 2691 1794 Suetonio
2731 1733 3066 1798 diceretur
3104 1739 3187 1817 ο).

2265 1834 2442 1897 ΙΜΡ.
2461 1834 2825 1900 CAESAR.
2843 1836 3475 1910 VESPASIANVS.

2262 1933 2468 2002 AVG.
2515 1937 2733 2015 Caput
2758 1938 3159 2001 laureatum.
3498 1961 3505 1972 ¹

1983 2037 2176 2101 COS.
2207 2037 2411 2106 VIIII.
2447 2036 2588 2100 ΤΒ.
2627 2035 2829 2100 ΡΟΤ.
2856 2039 2936 2103 X.
2966 2040 3232 2106 'Statua
3262 2044 3481 2124 capite

1981 2142 2252 2202 radiato
2311 2140 2376 2203 d.
2418 2137 2687 2200 hastam
2747 2142 3067 2203 insistens
3131 2142 3481 2204 columnae

1981 2253 2333 2306 rostratae.
2390 2242 2465 2301 In
2494 2238 2670 2302 aliis:
2723 2241 3202 2321 Capricornus,
3250 2245 3486 2306 Victo·

1963 2344 2088 2404 -rz'a
2120 2353 2243 2404 etc.
2290 2342 2433 2409 AV.
2460 2339 2609 2404 AR.
2647 2341 2844 2422 (Mus.
2881 2341 3101 2425 Caes.)

2097 2444 2202 2505 De
2239 2459 2508 2505 aversae
2556 2441 2798 2524 prioris
2847 2453 3000 2524 typo
3049 2443 3177 2525 jam
3211 2443 3475 2528 egimus

1979 2543 2059 2606 ad
2107 2545 2192 2610 V.
2227 2545 2299 2606 C.
2335 2544 2460 2625 829
2484 2585 2503 2620 ,
2564 2542 2806 2627 reliqui
2841 2545 3274 2610 memorabile
3307 2545 3474 2610 nihil

1981 2633 2306 2708 adferunt.

2450 2826 2576 2892 Nu
2593 2832 2703 2892 mi
2781 2848 2941 2912 vag
2957 2832 3015 2891 1⁶.-

2258 2947 2440 3012 [ΜΡ.
2456 2947 2824 3016 CAESAR.
2841 2943 3465 3026 VESPASIANVS.

2263 3048 2470 3117 AVG.
2526 3051 2741 3131 Caput
2777 3050 3180 3114 laureatum.

1979 3149 2569 3214 AETERNITAS.
2628 3150 2880 3233 Figura
2917 3165 3109 3213 stans
3141 3154 3233 3215 ad
3265 3172 3474 3229 aram,

1982 3254 2048 3316 d.
2082 3266 2283 3331 caput
2320 3252 2532 3329 Solis,
2577 3274 2640 3318 s.
2664 3252 2923 3317 Lunae.
3000 3248 3146 3319 AV.
3194 3252 3476 3336 (Medio-

1984 3351 2198 3434 barb.)

2103 3456 2289 3518 Haec
2340 3476 2568 3520 aversa
2615 3472 2787 3517 nunc
2832 3454 3115 3537 primum
3168 3458 3476 3522 occurrit.
3533 3510 3536 3513 .

1977 3557 2187 3633 Vide,
2255 3576 2421 3640 quae
2483 3555 2567 3618 de
2611 3576 2690 3619 ea
2731 3556 3096 3620 notabimus
3153 3559 3222 3619 in
3263 3557 3480 3622 numis

1986 3659 2250 3741 Traiani
2310 3657 2395 3720 ad
2451 3659 2533 3726 V.
2596 3659 2670 3721 C.
2729 3658 2894 3736 864,
2976 3672 3047 3723 et
3103 3659 3339 3726 Severi
3395 3658 3478 3724 ad

1985 3761 2069 3828 V.
2113 3763 2182 3825 C.
2216 3762 2363 3845 955.
3338 3779 3347 3808 -’

2269 3863 2524 3924 Eadem
2565 3865 2859 3926 adversa.
3346 3883 3355 3887 “
3418 3949 3427 3964 .

1983 3962 2243 4031 IOVIS.
2286 3962 2650 4032 CVSTOS.
2704 3964 3000 4042 Iuppiter
3049 3966 3265 4028 nudus
3289 3976 3484 4027 stans

1985 4077 2144 4123 ante
2187 4084 2411 4138 aram,
2471 4067 2541 4128 d.
2571 4077 2877 4146 pateram
2898 4104 2917 4136 ‚
2974 4086 3037 4125 s«
3067 4086 3279 4130 aram.
3332 4063 3481 4152 AV3

1983 4165 2122 4223 AR.
2161 4166 2362 4241 (Mus.
2404 4163 2633 4242 Caes.)
2838 4199 2845 4208 ·
3334 4206 3343 4212 -

2062 4265 2299 4331 10V18
2316 4266 2597 4348 positum
2615 4265 2682 4325 in
2698 4275 2886 4327 recto
2899 4282 3021 4347 pro
3035 4263 3473 4331 IVPPl'I'ER.

1984 4368 2199 4437 Varro
2230 4364 2328 4448 «ἢκ
2366 4370 2687 4451 Iuppiter,
2718 4366 2920 4442 Iovis,
2951 4378 3020 4429 et
3040 4367 3237 4443 Iovis,
3269 4367 3474 4433 Iovis.

2051 4642 2063 4657 ⁹
2122 4681 2195 4756 l»)
2236 4681 2397 4738 Suet.
2433 4689 2590 4743 cali.
2766 4683 2829 4750 c)
2872 4681 3126 4756 Cap.17.
3292 4677 3361 4750 d>
3403 4678 3477 4736 de

2870 4839 3115 4945 Vr·
