<?xml version="1.0" encoding="UTF-8"?>
<!DOCTYPE html PUBLIC "-//W3C//DTD XHTML 1.0 Transitional//EN"
    "http://www.w3.org/TR/xhtml1/DTD/xhtml1-transitional.dtd">
<html xmlns="http://www.w3.org/1999/xhtml" xml:lang="en" lang="en">
 <head>
  <title>
</title>
<meta http-equiv="Content-Type" content="text/html;charset=utf-8" />
  <meta name='ocr-system' content='tesseract 3.04.00' />
  <meta name='ocr-capabilities' content='ocr_page ocr_carea ocr_par ocr_line ocrx_word'/>
</head>
<body>
  <div class='ocr_page' id='page_1' title='image "./doctrinanumorum00unkngoog_0574.png"; bbox 0 0 4509 5584; ppageno 0'>
   <div class='ocr_carea' id='block_1_1' title="bbox 1081 635 2955 756">
    <p class='ocr_par' dir='ltr' id='par_1_1' title="bbox 1081 635 2955 756">
     <span class='ocr_line' id='line_1_1' title="bbox 1081 635 2955 756; baseline -0.01 -24"><span class='ocrx_word' id='word_1_1' title='bbox 1081 661 1225 732; x_wconf 71' lang='lat' dir='ltr'><strong>sss</strong></span> <span class='ocrx_word' id='word_1_2' title='bbox 2320 635 2955 756; x_wconf 51' lang='lat' dir='ltr'><strong>infimove..</strong></span> 
     </span>
    </p>
   </div>
   <div class='ocr_carea' id='block_1_2' title="bbox 1071 808 4214 999">
    <p class='ocr_par' dir='ltr' id='par_1_2' title="bbox 1071 808 4214 999">
     <span class='ocr_line' id='line_1_2' title="bbox 1072 808 4214 898; baseline 0 -19"><span class='ocrx_word' id='word_1_3' title='bbox 1072 836 1197 879; x_wconf 74' lang='lat' dir='ltr'><strong>nus</strong></span> <span class='ocrx_word' id='word_1_4' title='bbox 1221 808 1536 878; x_wconf 79' lang='lat' dir='ltr'><strong>Hadriani</strong></span> <span class='ocrx_word' id='word_1_5' title='bbox 1560 810 1629 873; x_wconf 88' lang='lat' dir='ltr'><strong>in</strong></span> <span class='ocrx_word' id='word_1_6' title='bbox 1658 808 1834 873; x_wconf 80' lang='lat' dir='ltr'><strong>hunc</strong></span> <span class='ocrx_word' id='word_1_7' title='bbox 1868 827 2148 892; x_wconf 84' lang='lat' dir='ltr'><strong>puerum</strong></span> <span class='ocrx_word' id='word_1_8' title='bbox 2182 828 2391 888; x_wconf 79' lang='lat' dir='ltr'><strong>amor,</strong></span> <span class='ocrx_word' id='word_1_9' title='bbox 2428 827 2575 895; x_wconf 81' lang='lat' dir='ltr'><strong>pro·</strong></span> <span class='ocrx_word' id='word_1_10' title='bbox 2689 809 2797 895; x_wconf 76' lang='lat' dir='ltr'><strong>gia</strong></span> <span class='ocrx_word' id='word_1_11' title='bbox 2838 808 3068 876; x_wconf 81' lang='lat' dir='ltr'><strong>critica</strong></span> <span class='ocrx_word' id='word_1_12' title='bbox 3110 809 3373 890; x_wconf 88' lang='lat' dir='ltr'><strong>nititur,</strong></span> <span class='ocrx_word' id='word_1_13' title='bbox 3430 811 3716 877; x_wconf 82' lang='lat' dir='ltr'><strong>animum</strong></span> <span class='ocrx_word' id='word_1_14' title='bbox 3757 814 3908 898; x_wconf 78' lang='lat' dir='ltr'><strong>jure</strong></span> <span class='ocrx_word' id='word_1_15' title='bbox 3961 815 4214 882; x_wconf 73' lang='lat' dir='ltr'><strong>adver·</strong></span> 
     </span>
     <span class='ocr_line' id='line_1_3' title="bbox 1071 911 4205 999; baseline 0 -18"><span class='ocrx_word' id='word_1_16' title='bbox 1071 938 1161 982; x_wconf 88' lang='lat' dir='ltr'><strong>no</strong></span> <span class='ocrx_word' id='word_1_17' title='bbox 1202 915 1612 980; x_wconf 83' lang='lat' dir='ltr'><strong>Graecorum</strong></span> <span class='ocrx_word' id='word_1_18' title='bbox 1664 911 1933 995; x_wconf 78' lang='lat' dir='ltr'><strong>ingenio</strong></span> <span class='ocrx_word' id='word_1_19' title='bbox 1965 911 2048 975; x_wconf 82' lang='lat' dir='ltr'><strong>ad</strong></span> <span class='ocrx_word' id='word_1_20' title='bbox 2090 912 2576 978; x_wconf 80' lang='lat' dir='ltr'><strong>consecrandos</strong></span> <span class='ocrx_word' id='word_1_21' title='bbox 2688 924 2854 977; x_wconf 86' lang='lat' dir='ltr'><strong>tunt.</strong></span> <span class='ocrx_word' id='word_1_22' title='bbox 2898 914 3186 992; x_wconf 66' lang='lat' dir='ltr'><strong>Constat,</strong></span> <span class='ocrx_word' id='word_1_23' title='bbox 3221 934 3414 999; x_wconf 84' lang='lat' dir='ltr'><strong>quam</strong></span> <span class='ocrx_word' id='word_1_24' title='bbox 3444 935 3517 980; x_wconf 85' lang='lat' dir='ltr'><strong>se</strong></span> <span class='ocrx_word' id='word_1_25' title='bbox 3549 914 3871 982; x_wconf 83' lang='lat' dir='ltr'><strong>industrie</strong></span> <span class='ocrx_word' id='word_1_26' title='bbox 3903 916 3973 980; x_wconf 88' lang='lat' dir='ltr'><strong>in</strong></span> <span class='ocrx_word' id='word_1_27' title='bbox 4005 919 4205 983; x_wconf 83' lang='lat' dir='ltr'><strong>effin-</strong></span> 
     </span>
    </p>
   </div>
   <div class='ocr_carea' id='block_1_3' title="bbox 1013 1014 2579 2943">
    <p class='ocr_par' dir='ltr' id='par_1_3' title="bbox 1013 1014 2579 2315">
     <span class='ocr_line' id='line_1_4' title="bbox 1069 1014 2567 1099; baseline -0.006 -14"><span class='ocrx_word' id='word_1_28' title='bbox 1069 1020 1266 1085; x_wconf 83' lang='lat' dir='ltr'><strong>etiam</strong></span> <span class='ocrx_word' id='word_1_29' title='bbox 1318 1017 1541 1095; x_wconf 79' lang='lat' dir='ltr'><strong>vivos,</strong></span> <span class='ocrx_word' id='word_1_30' title='bbox 1625 1014 1907 1099; x_wconf 90' lang='lat' dir='ltr'><strong>cuipiam</strong></span> <span class='ocrx_word' id='word_1_31' title='bbox 1958 1014 2239 1078; x_wconf 83' lang='lat' dir='ltr'><strong>deorum</strong></span> <span class='ocrx_word' id='word_1_32' title='bbox 2300 1033 2567 1079; x_wconf 84' lang='lat' dir='ltr'><strong>suorum</strong></span> 
     </span>
     <span class='ocr_line' id='line_1_5' title="bbox 1071 1116 2569 1205; baseline -0.004 -20"><span class='ocrx_word' id='word_1_33' title='bbox 1071 1120 1342 1186; x_wconf 69' lang='lat' dir='ltr'><strong>Antinoi</strong></span> <span class='ocrx_word' id='word_1_34' title='bbox 1367 1139 1717 1205; x_wconf 78' lang='lat' dir='ltr'><strong>personam</strong></span> <span class='ocrx_word' id='word_1_35' title='bbox 1751 1116 2013 1200; x_wconf 80' lang='lat' dir='ltr'><strong>largiri,</strong></span> <span class='ocrx_word' id='word_1_36' title='bbox 2058 1131 2131 1180; x_wconf 84' lang='lat' dir='ltr'><strong>ut</strong></span> <span class='ocrx_word' id='word_1_37' title='bbox 2159 1118 2381 1203; x_wconf 89' lang='lat' dir='ltr'><strong>paullo</strong></span> <span class='ocrx_word' id='word_1_38' title='bbox 2419 1130 2569 1203; x_wconf 82' lang='lat' dir='ltr'><strong>post</strong></span> 
     </span>
     <span class='ocr_line' id='line_1_6' title="bbox 1070 1218 2573 1297; baseline -0.004 -10"><span class='ocrx_word' id='word_1_39' title='bbox 1070 1224 1273 1289; x_wconf 72' lang='lat' dir='ltr'><strong>iidem</strong></span> <span class='ocrx_word' id='word_1_40' title='bbox 1316 1219 1746 1286; x_wconf 72' lang='lat' dir='ltr'>Alexandrini</span> <span class='ocrx_word' id='word_1_41' title='bbox 1781 1218 2181 1283; x_wconf 82' lang='lat' dir='ltr'><strong>Antoninum</strong></span> <span class='ocrx_word' id='word_1_42' title='bbox 2209 1220 2399 1282; x_wconf 89' lang='lat' dir='ltr'><strong>Pium</strong></span> <span class='ocrx_word' id='word_1_43' title='bbox 2422 1264 2441 1297; x_wconf 90' lang='lat'><strong>,</strong></span> <span class='ocrx_word' id='word_1_44' title='bbox 2503 1232 2573 1283; x_wconf 86' lang='lat' dir='ltr'><strong>et</strong></span> 
     </span>
     <span class='ocr_line' id='line_1_7' title="bbox 1074 1319 2572 1406; baseline -0.003 -16"><span class='ocrx_word' id='word_1_45' title='bbox 1074 1323 1446 1391; x_wconf 71' lang='lat' dir='ltr'><strong>Faustinam</strong></span> <span class='ocrx_word' id='word_1_46' title='bbox 1492 1322 1680 1388; x_wconf 74' lang='lat' dir='ltr'><strong>vivos</strong></span> <span class='ocrx_word' id='word_1_47' title='bbox 1714 1319 2052 1406; x_wconf 73' lang='lat' dir='ltr'><strong>Serapidis</strong></span> <span class='ocrx_word' id='word_1_48' title='bbox 2089 1336 2159 1385; x_wconf 89' lang='lat' dir='ltr'><strong>et</strong></span> <span class='ocrx_word' id='word_1_49' title='bbox 2190 1321 2378 1387; x_wconf 78' lang='lat' dir='ltr'><strong>Isidis</strong></span> <span class='ocrx_word' id='word_1_50' title='bbox 2423 1341 2572 1406; x_wconf 79' lang='lat' dir='ltr'><strong>spe·</strong></span> 
     </span>
     <span class='ocr_line' id='line_1_8' title="bbox 1013 1422 2575 1514; baseline -0.006 -20"><span class='ocrx_word' id='word_1_51' title='bbox 1013 1449 1024 1464; x_wconf 61' lang='lat'><strong>*</strong></span> <span class='ocrx_word' id='word_1_52' title='bbox 1073 1428 1177 1493; x_wconf 87' lang='lat' dir='ltr'><strong>eie</strong></span> <span class='ocrx_word' id='word_1_53' title='bbox 1214 1443 1647 1514; x_wconf 79' lang='lat' dir='ltr'><strong>proposuere.</strong></span> <span class='ocrx_word' id='word_1_54' title='bbox 1714 1423 2023 1509; x_wconf 87' lang='lat' dir='ltr'><strong>Denique</strong></span> <span class='ocrx_word' id='word_1_55' title='bbox 2061 1424 2239 1511; x_wconf 83' lang='lat' dir='ltr'><strong>quod</strong></span> <span class='ocrx_word' id='word_1_56' title='bbox 2293 1422 2575 1506; x_wconf 85' lang='lat' dir='ltr'><strong>cumpri-</strong></span> 
     </span>
     <span class='ocr_line' id='line_1_9' title="bbox 1071 1525 2569 1613; baseline -0.001 -19"><span class='ocrx_word' id='word_1_57' title='bbox 1071 1530 1196 1594; x_wconf 77' lang='lat' dir='ltr'><strong>mis</strong></span> <span class='ocrx_word' id='word_1_58' title='bbox 1228 1525 1742 1604; x_wconf 69' lang='lat' dir='ltr'><strong>observandum,</strong></span> <span class='ocrx_word' id='word_1_59' title='bbox 1802 1527 1873 1589; x_wconf 90' lang='lat' dir='ltr'><strong>in</strong></span> <span class='ocrx_word' id='word_1_60' title='bbox 1907 1527 2035 1592; x_wconf 81' lang='lat' dir='ltr'><strong>hoc</strong></span> <span class='ocrx_word' id='word_1_61' title='bbox 2077 1547 2342 1613; x_wconf 87' lang='lat' dir='ltr'><strong>quoque</strong></span> <span class='ocrx_word' id='word_1_62' title='bbox 2370 1547 2569 1592; x_wconf 82' lang='lat' dir='ltr'><strong>numo</strong></span> 
     </span>
     <span class='ocr_line' id='line_1_10' title="bbox 1070 1627 2570 1714; baseline -0.004 -18"><span class='ocrx_word' id='word_1_63' title='bbox 1070 1632 1295 1698; x_wconf 75' lang='lat' dir='ltr'><strong>nullus</strong></span> <span class='ocrx_word' id='word_1_64' title='bbox 1324 1629 1552 1693; x_wconf 70' lang='lat' dir='ltr'><strong>dubito</strong></span> <span class='ocrx_word' id='word_1_65' title='bbox 1584 1630 1944 1714; x_wconf 69' lang='lat' dir='ltr'><strong>legendum</strong></span> <span class='ocrx_word' id='word_1_66' title='bbox 1989 1631 2071 1697; x_wconf 81' lang='lat'><strong>1..</strong></span> <span class='ocrx_word' id='word_1_67' title='bbox 2119 1627 2282 1708; x_wconf 84' lang='lat' dir='ltr'><strong>1H.‚</strong></span> <span class='ocrx_word' id='word_1_68' title='bbox 2324 1650 2458 1692; x_wconf 86' lang='lat' dir='ltr'><strong>non</strong></span> <span class='ocrx_word' id='word_1_69' title='bbox 2489 1631 2570 1697; x_wconf 80' lang='lat'><strong>1..</strong></span> 
     </span>
     <span class='ocr_line' id='line_1_11' title="bbox 1070 1731 2573 1820; baseline -0.003 -19"><span class='ocrx_word' id='word_1_70' title='bbox 1070 1731 1193 1813; x_wconf 66' lang='lat' dir='ltr'><strong>H„</strong></span> <span class='ocrx_word' id='word_1_71' title='bbox 1256 1731 1438 1820; x_wconf 81' lang='lat' dir='ltr'><strong>quod</strong></span> <span class='ocrx_word' id='word_1_72' title='bbox 1492 1744 1567 1796; x_wconf 83' lang='lat' dir='ltr'><strong>ut</strong></span> <span class='ocrx_word' id='word_1_73' title='bbox 1620 1731 1916 1811; x_wconf 85' lang='lat' dir='ltr'><strong>credam,</strong></span> <span class='ocrx_word' id='word_1_74' title='bbox 1987 1732 2148 1798; x_wconf 78' lang='lat' dir='ltr'><strong>facit</strong></span> <span class='ocrx_word' id='word_1_75' title='bbox 2203 1732 2573 1796; x_wconf 77' lang='lat' dir='ltr'><strong>simillimus</strong></span> 
     </span>
     <span class='ocr_line' id='line_1_12' title="bbox 1072 1834 2573 1926; baseline -0.004 -24"><span class='ocrx_word' id='word_1_76' title='bbox 1072 1838 1245 1903; x_wconf 84' lang='lat' dir='ltr'><strong>alter</strong></span> <span class='ocrx_word' id='word_1_77' title='bbox 1281 1835 1365 1899; x_wconf 85' lang='lat' dir='ltr'><strong>ab</strong></span> <span class='ocrx_word' id='word_1_78' title='bbox 1404 1834 1898 1926; x_wconf 63' lang='lat' dir='ltr'><strong>adcuratissimo</strong></span> <span class='ocrx_word' id='word_1_79' title='bbox 1932 1837 2162 1919; x_wconf 62' lang='lat' dir='ltr'><strong>Zoega</strong></span> <span class='ocrx_word' id='word_1_80' title='bbox 2214 1855 2302 1897; x_wconf 86' lang='lat' dir='ltr'><strong>ex</strong></span> <span class='ocrx_word' id='word_1_81' title='bbox 2344 1853 2573 1898; x_wconf 83' lang='lat' dir='ltr'><strong>museo</strong></span> 
     </span>
     <span class='ocr_line' id='line_1_13' title="bbox 1074 1934 2579 2025; baseline -0.003 -21"><span class='ocrx_word' id='word_1_82' title='bbox 1074 1938 1256 2025; x_wconf 77' lang='lat' dir='ltr'><strong>regis</strong></span> <span class='ocrx_word' id='word_1_83' title='bbox 1288 1936 1646 2002; x_wconf 83' lang='lat' dir='ltr'><strong>Galliarum</strong></span> <span class='ocrx_word' id='word_1_84' title='bbox 1689 1936 2082 2023; x_wconf 82' lang='lat' dir='ltr'><strong>descriptus,</strong></span> <span class='ocrx_word' id='word_1_85' title='bbox 2120 1950 2190 2003; x_wconf 85' lang='lat' dir='ltr'><strong>et</strong></span> <span class='ocrx_word' id='word_1_86' title='bbox 2219 1937 2300 2002; x_wconf 87' lang='lat' dir='ltr'><strong>L.</strong></span> <span class='ocrx_word' id='word_1_87' title='bbox 2329 1934 2446 2003; x_wconf 86' lang='lat' dir='ltr'><strong>1H.</strong></span> <span class='ocrx_word' id='word_1_88' title='bbox 2479 1937 2579 1999; x_wconf 84' lang='lat' dir='ltr'><strong>in·</strong></span> 
     </span>
     <span class='ocr_line' id='line_1_14' title="bbox 1072 2038 2576 2127; baseline -0.003 -20"><span class='ocrx_word' id='word_1_89' title='bbox 1072 2042 1351 2127; x_wconf 61' lang='grc' dir='ltr'><strong>καίρια.</strong></span> <span class='ocrx_word' id='word_1_90' title='bbox 1383 2040 1472 2123; x_wconf 82' lang='grc' dir='ltr'><strong>Ιι),</strong></span> <span class='ocrx_word' id='word_1_91' title='bbox 1509 2059 1705 2123; x_wconf 85' lang='lat' dir='ltr'><strong>quem</strong></span> <span class='ocrx_word' id='word_1_92' title='bbox 1752 2039 1992 2105; x_wconf 84' lang='lat' dir='ltr'><strong>deinde</strong></span> <span class='ocrx_word' id='word_1_93' title='bbox 2032 2038 2287 2104; x_wconf 87' lang='lat' dir='ltr'><strong>ratione</strong></span> <span class='ocrx_word' id='word_1_94' title='bbox 2323 2052 2576 2124; x_wconf 87' lang='lat' dir='ltr'><strong>tempo·</strong></span> 
     </span>
     <span class='ocr_line' id='line_1_15' title="bbox 1041 2142 2575 2229; baseline -0.001 -18"><span class='ocrx_word' id='word_1_95' title='bbox 1041 2144 1169 2212; x_wconf 72' lang='lat' dir='ltr'><strong>ris</strong></span> <span class='ocrx_word' id='word_1_96' title='bbox 1201 2142 1513 2208; x_wconf 89' lang='lat' dir='ltr'><strong>continuo</strong></span> <span class='ocrx_word' id='word_1_97' title='bbox 1562 2142 1863 2229; x_wconf 84' lang='lat' dir='ltr'><strong>sequitur</strong></span> <span class='ocrx_word' id='word_1_98' title='bbox 1906 2143 2140 2210; x_wconf 86' lang='lat' dir='ltr'><strong>citatus</strong></span> <span class='ocrx_word' id='word_1_99' title='bbox 2178 2142 2575 2228; x_wconf 69' lang='lat' dir='ltr'><strong>Haymiannt</strong></span> 
     </span>
     <span class='ocr_line' id='line_1_16' title="bbox 1074 2245 2159 2315; baseline -0.01 -4"><span class='ocrx_word' id='word_1_100' title='bbox 1074 2267 1226 2311; x_wconf 79' lang='lat' dir='ltr'><strong>eum</strong></span> <span class='ocrx_word' id='word_1_101' title='bbox 1259 2266 1431 2315; x_wconf 86' lang='lat' dir='ltr'><strong>anno</strong></span> <span class='ocrx_word' id='word_1_102' title='bbox 1461 2245 1641 2310; x_wconf 80' lang='lat' dir='ltr'><strong>x1x.</strong></span> <span class='ocrx_word' id='word_1_103' title='bbox 2154 2249 2159 2254; x_wconf 83' lang='grc'><strong><em>’</em></strong></span> 
     </span>
    </p>

    <p class='ocr_par' dir='ltr' id='par_1_4' title="bbox 1071 2345 2579 2943">
     <span class='ocr_line' id='line_1_17' title="bbox 1202 2345 2573 2412; baseline 0 -2"><span class='ocrx_word' id='word_1_104' title='bbox 1202 2349 1291 2411; x_wconf 77' lang='lat' dir='ltr'><strong>At</strong></span> <span class='ocrx_word' id='word_1_105' title='bbox 1333 2347 1703 2412; x_wconf 74' lang='lat' dir='ltr'><strong>molestiam</strong></span> <span class='ocrx_word' id='word_1_106' title='bbox 1751 2345 1963 2410; x_wconf 79' lang='lat' dir='ltr'><strong>adbuc</strong></span> <span class='ocrx_word' id='word_1_107' title='bbox 2016 2345 2282 2411; x_wconf 84' lang='lat' dir='ltr'><strong>facessit</strong></span> <span class='ocrx_word' id='word_1_108' title='bbox 2337 2367 2573 2410; x_wconf 75' lang='lat' dir='ltr'><strong>numus</strong></span> 
     </span>
     <span class='ocr_line' id='line_1_18' title="bbox 1073 2437 2575 2516; baseline -0.002 -3"><span class='ocrx_word' id='word_1_109' title='bbox 1073 2454 1186 2516; x_wconf 86' lang='lat'><strong>111.</strong></span> <span class='ocrx_word' id='word_1_110' title='bbox 1242 2471 1391 2513; x_wconf 87' lang='lat' dir='ltr'><strong>cum</strong></span> <span class='ocrx_word' id='word_1_111' title='bbox 1435 2468 1605 2513; x_wconf 85' lang='lat' dir='ltr'><strong>anno</strong></span> <span class='ocrx_word' id='word_1_112' title='bbox 1655 2449 1833 2511; x_wconf 82' lang='lat' dir='ltr'><strong>xm.</strong></span> <span class='ocrx_word' id='word_1_113' title='bbox 1929 2449 2191 2510; x_wconf 82' lang='lat' dir='ltr'><strong>Etenim</strong></span> <span class='ocrx_word' id='word_1_114' title='bbox 2248 2437 2399 2512; x_wconf 72' lang='lat' dir='ltr'><strong>cem</strong></span> <span class='ocrx_word' id='word_1_115' title='bbox 2443 2449 2575 2510; x_wconf 84' lang='lat' dir='ltr'><strong>An-</strong></span> 
     </span>
     <span class='ocr_line' id='line_1_19' title="bbox 1072 2549 2574 2633; baseline -0.001 -18"><span class='ocrx_word' id='word_1_116' title='bbox 1072 2554 1290 2617; x_wconf 72' lang='lat' dir='ltr'><strong>tinous</strong></span> <span class='ocrx_word' id='word_1_117' title='bbox 1320 2553 1390 2620; x_wconf 88' lang='lat' dir='ltr'><strong>in</strong></span> <span class='ocrx_word' id='word_1_118' title='bbox 1436 2551 1558 2613; x_wconf 86' lang='lat' dir='ltr'><strong>illo</strong></span> <span class='ocrx_word' id='word_1_119' title='bbox 1598 2549 2015 2633; x_wconf 76' lang='lat' dir='ltr'><strong>jam¹dicatur</strong></span> <span class='ocrx_word' id='word_1_120' title='bbox 2059 2549 2261 2611; x_wconf 74' lang='lat' dir='ltr'><strong>horos</strong></span> <span class='ocrx_word' id='word_1_121' title='bbox 2296 2568 2574 2613; x_wconf 81' lang='lat' dir='ltr'><strong>necesse</strong></span> 
     </span>
     <span class='ocr_line' id='line_1_20' title="bbox 1074 2650 2579 2736; baseline -0.004 -15"><span class='ocrx_word' id='word_1_122' title='bbox 1074 2670 1196 2733; x_wconf 86' lang='lat' dir='ltr'><strong>est,</strong></span> <span class='ocrx_word' id='word_1_123' title='bbox 1231 2657 1302 2717; x_wconf 90' lang='lat' dir='ltr'><strong>in</strong></span> <span class='ocrx_word' id='word_1_124' title='bbox 1330 2652 1602 2716; x_wconf 76' lang='lat' dir='ltr'><strong>mortuis</strong></span> <span class='ocrx_word' id='word_1_125' title='bbox 1637 2673 1785 2715; x_wconf 87' lang='lat' dir='ltr'><strong>eum</strong></span> <span class='ocrx_word' id='word_1_126' title='bbox 1814 2652 1944 2736; x_wconf 77' lang='lat' dir='ltr'><strong>jam</strong></span> <span class='ocrx_word' id='word_1_127' title='bbox 1984 2650 2185 2715; x_wconf 80' lang='lat' dir='ltr'><strong>fuisse</strong></span> <span class='ocrx_word' id='word_1_128' title='bbox 2214 2672 2389 2716; x_wconf 89' lang='lat' dir='ltr'><strong>anno</strong></span> <span class='ocrx_word' id='word_1_129' title='bbox 2419 2651 2579 2715; x_wconf 80' lang='lat' dir='ltr'><strong>Ale·</strong></span> 
     </span>
     <span class='ocr_line' id='line_1_21' title="bbox 1071 2753 2579 2839; baseline -0.003 -18"><span class='ocrx_word' id='word_1_130' title='bbox 1071 2755 1540 2822; x_wconf 84' lang='lat' dir='ltr'><strong>xandrinorum</strong></span> <span class='ocrx_word' id='word_1_131' title='bbox 1587 2756 1758 2818; x_wconf 82' lang='lat' dir='ltr'><strong>xm.</strong></span> <span class='ocrx_word' id='word_1_132' title='bbox 1779 2800 1797 2832; x_wconf 90' lang='lat'>‚</span> <span class='ocrx_word' id='word_1_133' title='bbox 1872 2753 1987 2839; x_wconf 85' lang='lat' dir='ltr'><strong>qui</strong></span> <span class='ocrx_word' id='word_1_134' title='bbox 2045 2753 2267 2837; x_wconf 82' lang='lat' dir='ltr'><strong>coepit</strong></span> <span class='ocrx_word' id='word_1_135' title='bbox 2335 2774 2579 2819; x_wconf 80' lang='lat' dir='ltr'><strong>exeun-</strong></span> 
     </span>
     <span class='ocr_line' id='line_1_22' title="bbox 1072 2855 2577 2943; baseline -0.002 -19"><span class='ocrx_word' id='word_1_136' title='bbox 1072 2874 1143 2924; x_wconf 84' lang='lat' dir='ltr'><strong>te</strong></span> <span class='ocrx_word' id='word_1_137' title='bbox 1191 2860 1489 2943; x_wconf 81' lang='lat' dir='ltr'><strong>Augusto</strong></span> <span class='ocrx_word' id='word_1_138' title='bbox 1538 2858 1692 2922; x_wconf 86' lang='lat' dir='ltr'><strong>anni</strong></span> <span class='ocrx_word' id='word_1_139' title='bbox 1738 2858 1821 2925; x_wconf 82' lang='lat' dir='ltr'><strong>V.</strong></span> <span class='ocrx_word' id='word_1_140' title='bbox 1869 2857 1944 2922; x_wconf 86' lang='lat' dir='ltr'><strong>C.</strong></span> <span class='ocrx_word' id='word_1_141' title='bbox 1990 2856 2157 2935; x_wconf 69' lang='lat'><strong>88⁸,</strong></span> <span class='ocrx_word' id='word_1_142' title='bbox 2201 2855 2382 2943; x_wconf 87' lang='lat' dir='ltr'><strong>quod</strong></span> <span class='ocrx_word' id='word_1_143' title='bbox 2422 2877 2577 2921; x_wconf 82' lang='lat' dir='ltr'><strong>sane</strong></span> 
     </span>
    </p>
   </div>
   <div class='ocr_carea' id='block_1_4' title="bbox 962 2955 2583 3044">
    <p class='ocr_par' dir='ltr' id='par_1_5' title="bbox 962 2955 2583 3044">
     <span class='ocr_line' id='line_1_23' title="bbox 962 2955 2583 3044; baseline -0.002 -17"><span class='ocrx_word' id='word_1_144' title='bbox 962 2981 971 2992; x_wconf 90' lang='lat'><strong>·</strong></span> <span class='ocrx_word' id='word_1_145' title='bbox 1073 2963 1455 3028; x_wconf 73' lang='lat' dir='ltr'><strong>adversatur</strong></span> <span class='ocrx_word' id='word_1_146' title='bbox 1505 2955 1873 3025; x_wconf 87' lang='lat' dir='ltr'><strong>sententiae</strong></span> <span class='ocrx_word' id='word_1_147' title='bbox 1925 2971 2225 3038; x_wconf 75' lang='lat' dir='ltr'><strong>nostrae,</strong></span> <span class='ocrx_word' id='word_1_148' title='bbox 2286 2980 2448 3044; x_wconf 89' lang='lat' dir='ltr'><strong>qua,</strong></span> <span class='ocrx_word' id='word_1_149' title='bbox 2506 2973 2583 3023; x_wconf 84' lang='lat' dir='ltr'><strong>nt</strong></span> 
     </span>
    </p>
   </div>
   <div class='ocr_carea' id='block_1_5' title="bbox 1070 3061 2580 4681">
    <p class='ocr_par' dir='ltr' id='par_1_6' title="bbox 1070 3061 2580 4681">
     <span class='ocr_line' id='line_1_24' title="bbox 1070 3061 2580 3151; baseline -0.003 -21"><span class='ocrx_word' id='word_1_150' title='bbox 1070 3087 1272 3151; x_wconf 78' lang='lat' dir='ltr'><strong>supra</strong></span> <span class='ocrx_word' id='word_1_151' title='bbox 1312 3065 1383 3127; x_wconf 90' lang='lat' dir='ltr'><strong>in</strong></span> <span class='ocrx_word' id='word_1_152' title='bbox 1426 3062 1744 3128; x_wconf 83' lang='lat' dir='ltr'><strong>Hadriani</strong></span> <span class='ocrx_word' id='word_1_153' title='bbox 1792 3061 2006 3125; x_wconf 88' lang='lat' dir='ltr'><strong>numis</strong></span> <span class='ocrx_word' id='word_1_154' title='bbox 2060 3083 2209 3148; x_wconf 78' lang='lat' dir='ltr'><strong>pag.</strong></span> <span class='ocrx_word' id='word_1_155' title='bbox 2247 3065 2377 3146; x_wconf 69' lang='grc'><strong>489</strong></span> <span class='ocrx_word' id='word_1_156' title='bbox 2427 3081 2580 3147; x_wconf 86' lang='lat' dir='ltr'><strong>pro·</strong></span> 
     </span>
     <span class='ocr_line' id='line_1_25' title="bbox 1074 3163 2574 3243; baseline -0.007 -8"><span class='ocrx_word' id='word_1_157' title='bbox 1074 3168 1404 3243; x_wconf 64' lang='lat' dir='ltr'><strong>linimus,</strong></span> <span class='ocrx_word' id='word_1_158' title='bbox 1480 3165 1817 3243; x_wconf 85' lang='lat' dir='ltr'><strong>statuitur,</strong></span> <span class='ocrx_word' id='word_1_159' title='bbox 1891 3163 2320 3228; x_wconf 79' lang='lat' dir='ltr'><strong>Hadrianum·</strong></span> <span class='ocrx_word' id='word_1_160' title='bbox 2361 3166 2447 3234; x_wconf 80' lang='lat' dir='ltr'><strong>V.</strong></span> <span class='ocrx_word' id='word_1_161' title='bbox 2494 3165 2574 3227; x_wconf 76' lang='lat' dir='ltr'><strong>G.</strong></span> 
     </span>
     <span class='ocr_line' id='line_1_26' title="bbox 1072 3267 2576 3350; baseline -0.007 -13"><span class='ocrx_word' id='word_1_162' title='bbox 1072 3272 1204 3339; x_wconf 82' lang='grc'><strong>883</strong></span> <span class='ocrx_word' id='word_1_163' title='bbox 1248 3272 1513 3336; x_wconf 86' lang='lat' dir='ltr'><strong>demum</strong></span> <span class='ocrx_word' id='word_1_164' title='bbox 1563 3268 1763 3331; x_wconf 82' lang='lat' dir='ltr'><strong>fuisse</strong></span> <span class='ocrx_word' id='word_1_165' title='bbox 1810 3267 1878 3328; x_wconf 91' lang='lat' dir='ltr'><strong>in</strong></span> <span class='ocrx_word' id='word_1_166' title='bbox 1916 3267 2259 3350; x_wconf 81' lang='lat' dir='ltr'><strong>Aegypto,</strong></span> <span class='ocrx_word' id='word_1_167' title='bbox 2312 3284 2390 3327; x_wconf 90' lang='lat' dir='ltr'><strong>ac</strong></span> <span class='ocrx_word' id='word_1_168' title='bbox 2437 3278 2576 3328; x_wconf 85' lang='lat' dir='ltr'><strong>tum</strong></span> 
     </span>
     <span class='ocr_line' id='line_1_27' title="bbox 1078 3365 2572 3445; baseline -0.007 -5"><span class='ocrx_word' id='word_1_169' title='bbox 1078 3365 1413 3440; x_wconf 80' lang='lat' dir='ltr'><strong>mortuum</strong></span> <span class='ocrx_word' id='word_1_170' title='bbox 1489 3370 1869 3435; x_wconf 77' lang='lat' dir='ltr'><strong>Antinoum.</strong></span> <span class='ocrx_word' id='word_1_171' title='bbox 1960 3370 2265 3444; x_wconf 76' lang='lat' dir='ltr'><strong>Interim,</strong></span> <span class='ocrx_word' id='word_1_172' title='bbox 2321 3367 2572 3445; x_wconf 86' lang='lat' dir='ltr'><strong>fateor,</strong></span> 
     </span>
     <span class='ocr_line' id='line_1_28' title="bbox 1074 3468 2575 3563; baseline -0.005 -22"><span class='ocrx_word' id='word_1_173' title='bbox 1074 3498 1212 3541; x_wconf 83' lang='lat' dir='ltr'><strong>non</strong></span> <span class='ocrx_word' id='word_1_174' title='bbox 1252 3496 1483 3563; x_wconf 88' lang='lat' dir='ltr'><strong>parum</strong></span> <span class='ocrx_word' id='word_1_175' title='bbox 1544 3472 1845 3550; x_wconf 77' lang='lat' dir='ltr'><strong>vellicat,</strong></span> <span class='ocrx_word' id='word_1_176' title='bbox 1919 3493 2055 3537; x_wconf 83' lang='lat' dir='ltr'><strong>non</strong></span> <span class='ocrx_word' id='word_1_177' title='bbox 2105 3470 2339 3550; x_wconf 86' lang='lat' dir='ltr'><strong>modo,</strong></span> <span class='ocrx_word' id='word_1_178' title='bbox 2400 3468 2575 3557; x_wconf 84' lang='lat' dir='ltr'><strong>quod</strong></span> 
     </span>
     <span class='ocr_line' id='line_1_29' title="bbox 1076 3573 2578 3644; baseline -0.005 0"><span class='ocrx_word' id='word_1_179' title='bbox 1076 3581 1308 3644; x_wconf 85' lang='lat' dir='ltr'><strong>unicus</strong></span> <span class='ocrx_word' id='word_1_180' title='bbox 1353 3579 1409 3641; x_wconf 90' lang='lat' dir='ltr'><strong>is</strong></span> <span class='ocrx_word' id='word_1_181' title='bbox 1444 3590 1549 3641; x_wconf 86' lang='lat' dir='ltr'><strong>est</strong></span> <span class='ocrx_word' id='word_1_182' title='bbox 1576 3595 1732 3640; x_wconf 83' lang='lat' dir='ltr'><strong>cum</strong></span> <span class='ocrx_word' id='word_1_183' title='bbox 1773 3576 1900 3639; x_wconf 88' lang='lat' dir='ltr'><strong>hoc</strong></span> <span class='ocrx_word' id='word_1_184' title='bbox 1932 3596 2104 3639; x_wconf 89' lang='lat' dir='ltr'><strong>anno</strong></span> <span class='ocrx_word' id='word_1_185' title='bbox 2142 3573 2415 3636; x_wconf 82' lang='lat' dir='ltr'><strong>Antinoi</strong></span> <span class='ocrx_word' id='word_1_186' title='bbox 2457 3595 2578 3636; x_wconf 82' lang='lat' dir='ltr'><strong>nu·</strong></span> 
     </span>
     <span class='ocr_line' id='line_1_30' title="bbox 1078 3675 2578 3763; baseline -0.007 -17"><span class='ocrx_word' id='word_1_187' title='bbox 1078 3703 1260 3757; x_wconf 79' lang='lat' dir='ltr'><strong>mus,</strong></span> <span class='ocrx_word' id='word_1_188' title='bbox 1304 3696 1522 3763; x_wconf 85' lang='lat' dir='ltr'><strong>neque</strong></span> <span class='ocrx_word' id='word_1_189' title='bbox 1573 3697 1660 3739; x_wconf 81' lang='lat' dir='ltr'><strong>ex</strong></span> <span class='ocrx_word' id='word_1_190' title='bbox 1696 3676 2213 3758; x_wconf 76' lang='lat' dir='ltr'><strong>opulentissimis</strong></span> <span class='ocrx_word' id='word_1_191' title='bbox 2252 3675 2398 3739; x_wconf 81' lang='lat' dir='ltr'><strong>aliis</strong></span> <span class='ocrx_word' id='word_1_192' title='bbox 2439 3696 2578 3737; x_wconf 85' lang='lat' dir='ltr'><strong>mu·-</strong></span> 
     </span>
     <span class='ocr_line' id='line_1_31' title="bbox 1080 3776 2580 3863; baseline -0.007 -15"><span class='ocrx_word' id='word_1_193' title='bbox 1080 3782 1213 3848; x_wconf 79' lang='lat' dir='ltr'><strong>seis</strong></span> <span class='ocrx_word' id='word_1_194' title='bbox 1242 3780 1384 3863; x_wconf 87' lang='lat' dir='ltr'><strong>ejus</strong></span> <span class='ocrx_word' id='word_1_195' title='bbox 1417 3778 1646 3842; x_wconf 87' lang='lat' dir='ltr'><strong>similis</strong></span> <span class='ocrx_word' id='word_1_196' title='bbox 1676 3777 2021 3861; x_wconf 77' lang='lat' dir='ltr'><strong>cognitus,</strong></span> <span class='ocrx_word' id='word_1_197' title='bbox 2065 3776 2188 3841; x_wconf 84' lang='lat' dir='ltr'><strong>sed</strong></span> <span class='ocrx_word' id='word_1_198' title='bbox 2215 3776 2424 3839; x_wconf 60' lang='lat' dir='ltr'><strong>minito</strong></span> <span class='ocrx_word' id='word_1_199' title='bbox 2446 3797 2580 3838; x_wconf 86' lang='lat' dir='ltr'><strong>ma·</strong></span> 
     </span>
     <span class='ocr_line' id='line_1_32' title="bbox 1083 3873 2577 3970; baseline -0.007 -21"><span class='ocrx_word' id='word_1_200' title='bbox 1083 3884 1187 3970; x_wconf 82' lang='lat' dir='ltr'><strong>gis</strong></span> <span class='ocrx_word' id='word_1_201' title='bbox 1227 3882 1419 3948; x_wconf 84' lang='lat' dir='ltr'><strong>etiam</strong></span> <span class='ocrx_word' id='word_1_202' title='bbox 1467 3879 1645 3967; x_wconf 85' lang='lat' dir='ltr'><strong>quod</strong></span> <span class='ocrx_word' id='word_1_203' title='bbox 1692 3900 1929 3943; x_wconf 84' lang='lat' dir='ltr'><strong>numus</strong></span> <span class='ocrx_word' id='word_1_204' title='bbox 1976 3878 2089 3943; x_wconf 75' lang='lat' dir='ltr'><strong>hic</strong></span> <span class='ocrx_word' id='word_1_205' title='bbox 2140 3897 2225 3943; x_wconf 82' lang='lat' dir='ltr'><strong>ex</strong></span> <span class='ocrx_word' id='word_1_206' title='bbox 2278 3873 2577 3940; x_wconf 79' lang='lat' dir='ltr'><strong>omnibus</strong></span> 
     </span>
     <span class='ocr_line' id='line_1_33' title="bbox 1079 3980 2575 4069; baseline -0.005 -18"><span class='ocrx_word' id='word_1_207' title='bbox 1079 3991 1311 4052; x_wconf 82' lang='lat' dir='ltr'><strong>unicus</strong></span> <span class='ocrx_word' id='word_1_208' title='bbox 1359 4000 1494 4063; x_wconf 84' lang='lat' dir='ltr'><strong>est,</strong></span> <span class='ocrx_word' id='word_1_209' title='bbox 1551 3984 1663 4069; x_wconf 80' lang='lat' dir='ltr'><strong>qui</strong></span> <span class='ocrx_word' id='word_1_210' title='bbox 1726 4003 1968 4046; x_wconf 85' lang='lat' dir='ltr'><strong>annum</strong></span> <span class='ocrx_word' id='word_1_211' title='bbox 2017 3983 2194 4047; x_wconf 84' lang='lat' dir='ltr'><strong>xm.</strong></span> <span class='ocrx_word' id='word_1_212' title='bbox 2240 3981 2335 4044; x_wconf 78' lang='lat' dir='ltr'><strong>sic</strong></span> <span class='ocrx_word' id='word_1_213' title='bbox 2377 3980 2575 4065; x_wconf 88' lang='lat' dir='ltr'><strong>plene</strong></span> 
     </span>
     <span class='ocr_line' id='line_1_34' title="bbox 1077 4069 2577 4169; baseline -0.006 -15"><span class='ocrx_word' id='word_1_214' title='bbox 1077 4092 1161 4156; x_wconf 81' lang='lat' dir='ltr'><strong>L.</strong></span> <span class='ocrx_word' id='word_1_215' title='bbox 1178 4080 2023 4158; x_wconf 78' lang='lat' dir='ltr'><strong>TPICKAIAGKATOT.</strong></span> <span class='ocrx_word' id='word_1_216' title='bbox 2041 4069 2408 4169; x_wconf 71' lang='lat' dir='ltr'><strong>perscribat</strong></span> <span class='ocrx_word' id='word_1_217' title='bbox 2425 4103 2577 4147; x_wconf 88' lang='lat' dir='ltr'><strong>con·</strong></span> 
     </span>
     <span class='ocr_line' id='line_1_35' title="bbox 1080 4185 2577 4271; baseline -0.006 -14"><span class='ocrx_word' id='word_1_218' title='bbox 1080 4209 1186 4258; x_wconf 88' lang='lat' dir='ltr'><strong>tra</strong></span> <span class='ocrx_word' id='word_1_219' title='bbox 1244 4192 1459 4257; x_wconf 87' lang='lat' dir='ltr'><strong>omnia</strong></span> <span class='ocrx_word' id='word_1_220' title='bbox 1502 4192 1629 4254; x_wconf 82' lang='lat' dir='ltr'><strong>alia</strong></span> <span class='ocrx_word' id='word_1_221' title='bbox 1690 4186 2029 4271; x_wconf 85' lang='lat' dir='ltr'><strong>exempla,</strong></span> <span class='ocrx_word' id='word_1_222' title='bbox 2092 4205 2243 4249; x_wconf 86' lang='lat' dir='ltr'><strong>cum</strong></span> <span class='ocrx_word' id='word_1_223' title='bbox 2302 4185 2372 4247; x_wconf 91' lang='lat' dir='ltr'><strong>in</strong></span> <span class='ocrx_word' id='word_1_224' title='bbox 2432 4185 2577 4256; x_wconf 87' lang='lat' dir='ltr'><strong>aliis</strong></span> 
     </span>
     <span class='ocr_line' id='line_1_36' title="bbox 1081 4285 2575 4370; baseline -0.008 -10"><span class='ocrx_word' id='word_1_225' title='bbox 1081 4296 1296 4360; x_wconf 77' lang='lat' dir='ltr'><strong>numia</strong></span> <span class='ocrx_word' id='word_1_226' title='bbox 1352 4293 1700 4370; x_wconf 86' lang='lat' dir='ltr'><strong>Hadriani,</strong></span> <span class='ocrx_word' id='word_1_227' title='bbox 1762 4288 2129 4363; x_wconf 66' lang='lat' dir='ltr'><strong>Antonini,</strong></span> <span class='ocrx_word' id='word_1_228' title='bbox 2169 4287 2431 4351; x_wconf 79' lang='lat' dir='ltr'><strong>Aurelii</strong></span> <span class='ocrx_word' id='word_1_229' title='bbox 2483 4285 2575 4348; x_wconf 85' lang='lat' dir='ltr'><strong>le·</strong></span> 
     </span>
     <span class='ocr_line' id='line_1_37' title="bbox 1084 4388 2572 4484; baseline -0.011 -19"><span class='ocrx_word' id='word_1_230' title='bbox 1084 4412 1274 4484; x_wconf 68' lang='lat' dir='ltr'><strong>gatur</strong></span> <span class='ocrx_word' id='word_1_231' title='bbox 1292 4401 1372 4463; x_wconf 82' lang='lat' dir='ltr'><strong>L.</strong></span> <span class='ocrx_word' id='word_1_232' title='bbox 1394 4390 1812 4461; x_wconf 74' lang='lat' dir='ltr'><strong>TPICKAG.</strong></span> <span class='ocrx_word' id='word_1_233' title='bbox 1838 4391 1979 4456; x_wconf 78' lang='lat' dir='ltr'><strong>vel:</strong></span> <span class='ocrx_word' id='word_1_234' title='bbox 2007 4388 2399 4452; x_wconf 78' lang='lat' dir='ltr'><strong>TPICKAI.</strong></span> <span class='ocrx_word' id='word_1_235' title='bbox 2429 4388 2572 4452; x_wconf 69' lang='lat' dir='ltr'><strong>vele</strong></span> 
     </span>
     <span class='ocr_line' id='line_1_38' title="bbox 1083 4489 2580 4583; baseline -0.007 -19"><span class='ocrx_word' id='word_1_236' title='bbox 1083 4496 1571 4578; x_wconf 63' lang='lat' dir='ltr'><strong>TPICKAIA„</strong></span> <span class='ocrx_word' id='word_1_237' title='bbox 1598 4515 1818 4583; x_wconf 86' lang='lat' dir='ltr'><strong>neque</strong></span> <span class='ocrx_word' id='word_1_238' title='bbox 1848 4494 2060 4558; x_wconf 85' lang='lat' dir='ltr'><strong>aliter.</strong></span> <span class='ocrx_word' id='word_1_239' title='bbox 2106 4491 2308 4577; x_wconf 71' lang='lat' dir='ltr'><strong>Atqui</strong></span> <span class='ocrx_word' id='word_1_240' title='bbox 2345 4489 2580 4558; x_wconf 79' lang='lat' dir='ltr'><strong>similia</strong></span> 
     </span>
     <span class='ocr_line' id='line_1_39' title="bbox 1085 4589 2579 4681; baseline -0.008 -14"><span class='ocrx_word' id='word_1_241' title='bbox 1085 4605 1460 4681; x_wconf 73' lang='lat' dir='ltr'><strong>observata,</strong></span> <span class='ocrx_word' id='word_1_242' title='bbox 1514 4603 1681 4666; x_wconf 87' lang='lat' dir='ltr'><strong>utin</strong></span> <span class='ocrx_word' id='word_1_243' title='bbox 1720 4599 1862 4664; x_wconf 88' lang='lat' dir='ltr'><strong>aliis</strong></span> <span class='ocrx_word' id='word_1_244' title='bbox 1900 4596 2111 4660; x_wconf 84' lang='lat' dir='ltr'><strong>causis</strong></span> <span class='ocrx_word' id='word_1_245' title='bbox 2152 4594 2322 4659; x_wconf 81' lang='lat' dir='ltr'><strong>levia</strong></span> <span class='ocrx_word' id='word_1_246' title='bbox 2365 4589 2579 4659; x_wconf 82' lang='lat' dir='ltr'><strong>videri</strong></span> 
     </span>
    </p>
   </div>
   <div class='ocr_carea' id='block_1_6' title="bbox 1082 4695 2581 4796">
    <p class='ocr_par' dir='ltr' id='par_1_7' title="bbox 1082 4695 2581 4796">
     <span class='ocr_line' id='line_1_40' title="bbox 1082 4695 2581 4796; baseline -0.011 -21"><span class='ocrx_word' id='word_1_247' title='bbox 1082 4721 1387 4796; x_wconf 77' lang='lat' dir='ltr'><strong>pessunt,</strong></span> <span class='ocrx_word' id='word_1_248' title='bbox 1425 4707 1517 4770; x_wconf 86' lang='lat' dir='ltr'><strong>sic</strong></span> <span class='ocrx_word' id='word_1_249' title='bbox 1549 4707 1620 4769; x_wconf 90' lang='lat' dir='ltr'><strong>in</strong></span> <span class='ocrx_word' id='word_1_250' title='bbox 1650 4703 1892 4780; x_wconf 80' lang='lat' dir='ltr'><strong>numia,</strong></span> <span class='ocrx_word' id='word_1_251' title='bbox 1928 4701 2013 4791; x_wconf 33' lang='lat' dir='ltr'><strong>in·</strong></span> <span class='ocrx_word' id='word_1_252' title='bbox 2032 4696 2266 4783; x_wconf 85' lang='lat' dir='ltr'><strong>quibus</strong></span> <span class='ocrx_word' id='word_1_253' title='bbox 2296 4695 2581 4782; x_wconf 77' lang='lat' dir='ltr'><strong>philolo-</strong></span> 
     </span>
    </p>
   </div>
   <div class='ocr_carea' id='block_1_7' title="bbox 1161 4915 2203 4993">
    <p class='ocr_par' dir='ltr' id='par_1_8' title="bbox 1161 4915 2203 4993">
     <span class='ocr_line' id='line_1_41' title="bbox 1161 4915 2203 4993; baseline -0.002 -20"><span class='ocrx_word' id='word_1_254' title='bbox 1161 4922 1222 4992; x_wconf 84' lang='lat' dir='ltr'><strong>a)</strong></span> <span class='ocrx_word' id='word_1_255' title='bbox 1260 4915 1438 4977; x_wconf 82' lang='lat' dir='ltr'><strong>Numi</strong></span> <span class='ocrx_word' id='word_1_256' title='bbox 1463 4919 1714 4992; x_wconf 80' lang='lat' dir='ltr'><strong>Aegypt.</strong></span> <span class='ocrx_word' id='word_1_257' title='bbox 1752 4934 1811 4993; x_wconf 88' lang='lat' dir='ltr'><strong>p.</strong></span> <span class='ocrx_word' id='word_1_258' title='bbox 1838 4916 1958 4976; x_wconf 67' lang='lat'><strong>146.</strong></span> <span class='ocrx_word' id='word_1_259' title='bbox 1981 4931 2042 4968; x_wconf 80' lang='lat' dir='ltr'><strong>n.</strong></span> <span class='ocrx_word' id='word_1_260' title='bbox 2077 4920 2203 4976; x_wconf 77' lang='lat'><strong>388.</strong></span> 
     </span>
    </p>
   </div>
   <div class='ocr_carea' id='block_1_8' title="bbox 2649 3256 3345 3344">
    <p class='ocr_par' dir='ltr' id='par_1_9' title="bbox 2649 3256 3345 3344">
     <span class='ocr_line' id='line_1_42' title="bbox 2649 3256 3345 3344; baseline 0.006 -18"><span class='ocrx_word' id='word_1_261' title='bbox 2649 3256 2660 3268; x_wconf 82' lang='grc'><strong><em>’</em></strong></span> <span class='ocrx_word' id='word_1_262' title='bbox 2690 3284 2846 3328; x_wconf 82' lang='lat' dir='ltr'><strong>mox</strong></span> <span class='ocrx_word' id='word_1_263' title='bbox 2894 3279 3313 3331; x_wconf 76' lang='lat' dir='ltr'><strong>consecratus</strong></span> <span class='ocrx_word' id='word_1_264' title='bbox 3328 3312 3345 3344; x_wconf 91' lang='lat'><strong>,</strong></span> 
     </span>
    </p>
   </div>
   <div class='ocr_carea' id='block_1_9' title="bbox 2683 1012 4201 1818">
    <p class='ocr_par' dir='ltr' id='par_1_10' title="bbox 2683 1012 4201 1818">
     <span class='ocr_line' id='line_1_43' title="bbox 2685 1012 4201 1104; baseline 0.005 -26"><span class='ocrx_word' id='word_1_265' title='bbox 2685 1012 2920 1099; x_wconf 77' lang='lat' dir='ltr'><strong>gendis</strong></span> <span class='ocrx_word' id='word_1_266' title='bbox 2943 1014 3220 1081; x_wconf 84' lang='lat' dir='ltr'><strong>Antinoi</strong></span> <span class='ocrx_word' id='word_1_267' title='bbox 3240 1014 3454 1104; x_wconf 80' lang='lat' dir='ltr'><strong>numia</strong></span> <span class='ocrx_word' id='word_1_268' title='bbox 3480 1019 3859 1084; x_wconf 86' lang='lat' dir='ltr'><strong>exercuerit</strong></span> <span class='ocrx_word' id='word_1_269' title='bbox 3895 1020 4201 1085; x_wconf 78' lang='lat' dir='ltr'><strong>falsario-</strong></span> 
     </span>
     <span class='ocr_line' id='line_1_44' title="bbox 2685 1119 4195 1197; baseline 0.007 -19"><span class='ocrx_word' id='word_1_270' title='bbox 2685 1137 2832 1180; x_wconf 77' lang='lat' dir='ltr'><strong>mm</strong></span> <span class='ocrx_word' id='word_1_271' title='bbox 2862 1137 3000 1195; x_wconf 82' lang='lat' dir='ltr'><strong>ars,</strong></span> <span class='ocrx_word' id='word_1_272' title='bbox 3061 1132 3132 1183; x_wconf 90' lang='lat' dir='ltr'><strong>et</strong></span> <span class='ocrx_word' id='word_1_273' title='bbox 3163 1119 3474 1197; x_wconf 86' lang='lat' dir='ltr'><strong>memini,</strong></span> <span class='ocrx_word' id='word_1_274' title='bbox 3532 1119 3601 1181; x_wconf 89' lang='lat' dir='ltr'><strong>in</strong></span> <span class='ocrx_word' id='word_1_275' title='bbox 3638 1120 3882 1186; x_wconf 84' lang='lat' dir='ltr'><strong>illustri</strong></span> <span class='ocrx_word' id='word_1_276' title='bbox 3913 1123 4195 1189; x_wconf 83' lang='lat' dir='ltr'><strong>Christi·</strong></span> 
     </span>
     <span class='ocr_line' id='line_1_45' title="bbox 2685 1223 4196 1309; baseline 0.007 -30"><span class='ocrx_word' id='word_1_277' title='bbox 2685 1238 2810 1283; x_wconf 86' lang='lat' dir='ltr'><strong>nae</strong></span> <span class='ocrx_word' id='word_1_278' title='bbox 2857 1240 3121 1299; x_wconf 89' lang='lat' dir='ltr'><strong>museo,</strong></span> <span class='ocrx_word' id='word_1_279' title='bbox 3163 1223 3232 1284; x_wconf 89' lang='lat' dir='ltr'><strong>in</strong></span> <span class='ocrx_word' id='word_1_280' title='bbox 3273 1242 3405 1309; x_wconf 84' lang='lat' dir='ltr'><strong>quo</strong></span> <span class='ocrx_word' id='word_1_281' title='bbox 3454 1223 3788 1288; x_wconf 82' lang='lat' dir='ltr'><strong>cimelium</strong></span> <span class='ocrx_word' id='word_1_282' title='bbox 3837 1225 4006 1288; x_wconf 88' lang='lat' dir='ltr'><strong>illud</strong></span> <span class='ocrx_word' id='word_1_283' title='bbox 4053 1247 4196 1290; x_wconf 65' lang='lat' dir='ltr'><strong>ser»</strong></span> 
     </span>
     <span class='ocr_line' id='line_1_46' title="bbox 2684 1320 4192 1399; baseline 0.004 -13"><span class='ocrx_word' id='word_1_284' title='bbox 2684 1333 2911 1399; x_wconf 79' lang='lat' dir='ltr'><strong>vatur,</strong></span> <span class='ocrx_word' id='word_1_285' title='bbox 2981 1320 3338 1390; x_wconf 76' lang='lat' dir='ltr'><strong>offendisse</strong></span> <span class='ocrx_word' id='word_1_286' title='bbox 3383 1345 3492 1388; x_wconf 85' lang='lat' dir='ltr'><strong>me</strong></span> <span class='ocrx_word' id='word_1_287' title='bbox 3536 1345 3771 1390; x_wconf 86' lang='lat' dir='ltr'><strong>numos</strong></span> <span class='ocrx_word' id='word_1_288' title='bbox 3808 1348 3946 1390; x_wconf 85' lang='lat' dir='ltr'><strong>non</strong></span> <span class='ocrx_word' id='word_1_289' title='bbox 3987 1328 4192 1392; x_wconf 84' lang='lat' dir='ltr'><strong>modo</strong></span> 
     </span>
     <span class='ocr_line' id='line_1_47' title="bbox 2683 1423 4192 1518; baseline 0.006 -32"><span class='ocrx_word' id='word_1_290' title='bbox 2683 1423 2833 1507; x_wconf 86' lang='lat' dir='ltr'><strong>jure</strong></span> <span class='ocrx_word' id='word_1_291' title='bbox 2876 1438 3246 1507; x_wconf 82' lang='lat' dir='ltr'><strong>suspectos,</strong></span> <span class='ocrx_word' id='word_1_292' title='bbox 3299 1425 3419 1490; x_wconf 74' lang='lat' dir='ltr'><strong>ced</strong></span> <span class='ocrx_word' id='word_1_293' title='bbox 3461 1427 3659 1492; x_wconf 83' lang='lat' dir='ltr'><strong>etiam</strong></span> <span class='ocrx_word' id='word_1_294' title='bbox 3709 1430 4009 1517; x_wconf 87' lang='lat' dir='ltr'><strong>antiquos</strong></span> <span class='ocrx_word' id='word_1_295' title='bbox 4045 1433 4192 1518; x_wconf 78' lang='lat' dir='ltr'><strong>qui—</strong></span> 
     </span>
     <span class='ocr_line' id='line_1_48' title="bbox 2686 1524 4194 1618; baseline 0.009 -31"><span class='ocrx_word' id='word_1_296' title='bbox 2686 1524 2876 1603; x_wconf 88' lang='lat' dir='ltr'><strong>dem,</strong></span> <span class='ocrx_word' id='word_1_297' title='bbox 2935 1525 3057 1591; x_wconf 85' lang='lat' dir='ltr'><strong>sed</strong></span> <span class='ocrx_word' id='word_1_298' title='bbox 3089 1548 3254 1614; x_wconf 80' lang='lat' dir='ltr'><strong>ques</strong></span> <span class='ocrx_word' id='word_1_299' title='bbox 3284 1530 3626 1595; x_wconf 81' lang='lat' dir='ltr'><strong>recentior</strong></span> <span class='ocrx_word' id='word_1_300' title='bbox 3664 1529 3844 1616; x_wconf 66' lang='lat' dir='ltr'><strong>fraus</strong></span> <span class='ocrx_word' id='word_1_301' title='bbox 3875 1532 4194 1618; x_wconf 77' lang='lat' dir='ltr'><strong>deprava-</strong></span> 
     </span>
     <span class='ocr_line' id='line_1_49' title="bbox 2685 1627 4194 1719; baseline 0.001 -23"><span class='ocrx_word' id='word_1_302' title='bbox 2685 1627 2815 1706; x_wconf 81' lang='lat' dir='ltr'><strong>vit,</strong></span> <span class='ocrx_word' id='word_1_303' title='bbox 2876 1627 3068 1713; x_wconf 78' lang='lat' dir='ltr'><strong>cujus</strong></span> <span class='ocrx_word' id='word_1_304' title='bbox 3123 1632 3504 1716; x_wconf 84' lang='lat' dir='ltr'><strong>exemplum</strong></span> <span class='ocrx_word' id='word_1_305' title='bbox 3548 1632 3710 1697; x_wconf 86' lang='lat' dir='ltr'><strong>olim</strong></span> <span class='ocrx_word' id='word_1_306' title='bbox 3750 1637 4070 1719; x_wconf 74' lang='lat' dir='ltr'><strong>proposui</strong></span> <span class='ocrx_word' id='word_1_307' title='bbox 4118 1636 4194 1698; x_wconf 82' lang='lat' dir='ltr'><strong>in</strong></span> 
     </span>
     <span class='ocr_line' id='line_1_50' title="bbox 2684 1731 4199 1818; baseline 0.005 -25"><span class='ocrx_word' id='word_1_308' title='bbox 2684 1731 2854 1795; x_wconf 81' lang='lat' dir='ltr'><strong>meis</strong></span> <span class='ocrx_word' id='word_1_309' title='bbox 2881 1732 3111 1799; x_wconf 84' lang='lat' dir='ltr'><strong>Numis</strong></span> <span class='ocrx_word' id='word_1_310' title='bbox 3138 1735 3418 1800; x_wconf 78' lang='lat' dir='ltr'><strong>veterib.</strong></span> <span class='ocrx_word' id='word_1_311' title='bbox 3456 1757 3523 1818; x_wconf 88' lang='lat' dir='ltr'><strong>p.</strong></span> <span class='ocrx_word' id='word_1_312' title='bbox 3561 1735 3715 1815; x_wconf 72' lang='lat'><strong>286,</strong></span> <span class='ocrx_word' id='word_1_313' title='bbox 3764 1751 3834 1802; x_wconf 88' lang='lat' dir='ltr'><strong>et</strong></span> <span class='ocrx_word' id='word_1_314' title='bbox 3871 1739 3938 1801; x_wconf 89' lang='lat' dir='ltr'><strong>in</strong></span> <span class='ocrx_word' id='word_1_315' title='bbox 3976 1738 4199 1803; x_wconf 84' lang='lat' dir='ltr'><strong>credi·</strong></span> 
     </span>
    </p>
   </div>
   <div class='ocr_carea' id='block_1_10' title="bbox 2622 1834 4191 1926">
    <p class='ocr_par' dir='ltr' id='par_1_11' title="bbox 2622 1834 4191 1926">
     <span class='ocr_line' id='line_1_51' title="bbox 2622 1834 4191 1926; baseline 0.005 -29"><span class='ocrx_word' id='word_1_316' title='bbox 2622 1909 2626 1920; x_wconf 63' lang='lat'>‚</span> <span class='ocrx_word' id='word_1_317' title='bbox 2686 1847 2757 1899; x_wconf 90' lang='lat' dir='ltr'><strong>to</strong></span> <span class='ocrx_word' id='word_1_318' title='bbox 2785 1834 3060 1900; x_wconf 79' lang='lat' dir='ltr'><strong>Antinoi</strong></span> <span class='ocrx_word' id='word_1_319' title='bbox 3100 1855 3338 1914; x_wconf 87' lang='lat' dir='ltr'><strong>numo,</strong></span> <span class='ocrx_word' id='word_1_320' title='bbox 3387 1837 3474 1902; x_wconf 89' lang='lat' dir='ltr'><strong>de</strong></span> <span class='ocrx_word' id='word_1_321' title='bbox 3515 1858 3647 1923; x_wconf 80' lang='lat' dir='ltr'><strong>quo</strong></span> <span class='ocrx_word' id='word_1_322' title='bbox 3683 1839 3796 1922; x_wconf 83' lang='lat' dir='ltr'><strong>egi</strong></span> <span class='ocrx_word' id='word_1_323' title='bbox 3847 1840 3917 1910; x_wconf 88' lang='lat' dir='ltr'><strong>in</strong></span> <span class='ocrx_word' id='word_1_324' title='bbox 3965 1842 4191 1926; x_wconf 83' lang='lat' dir='ltr'><strong>operis</strong></span> 
     </span>
    </p>
   </div>
   <div class='ocr_carea' id='block_1_11' title="bbox 2685 1938 4198 4782">
    <p class='ocr_par' dir='ltr' id='par_1_12' title="bbox 2688 1938 3802 2025">
     <span class='ocr_line' id='line_1_52' title="bbox 2688 1938 3802 2025; baseline 0.005 -25"><span class='ocrx_word' id='word_1_325' title='bbox 2688 1938 3057 2022; x_wconf 76' lang='lat' dir='ltr'><strong>praesentis</strong></span> <span class='ocrx_word' id='word_1_326' title='bbox 3092 1938 3427 2004; x_wconf 79' lang='lat' dir='ltr'><strong>volumine</strong></span> <span class='ocrx_word' id='word_1_327' title='bbox 3453 1942 3540 2002; x_wconf 81' lang='lat'><strong>11.</strong></span> <span class='ocrx_word' id='word_1_328' title='bbox 3567 1962 3635 2025; x_wconf 90' lang='lat' dir='ltr'><strong>p.</strong></span> <span class='ocrx_word' id='word_1_329' title='bbox 3651 1943 3802 2017; x_wconf 82' lang='lat'><strong>408.</strong></span> 
     </span>
    </p>

    <p class='ocr_par' dir='ltr' id='par_1_13' title="bbox 2685 2039 4198 4782">
     <span class='ocr_line' id='line_1_53' title="bbox 2811 2039 4194 2127; baseline 0.006 -27"><span class='ocrx_word' id='word_1_330' title='bbox 2811 2039 2921 2101; x_wconf 80' lang='lat' dir='ltr'><strong>Ex</strong></span> <span class='ocrx_word' id='word_1_331' title='bbox 2951 2039 3054 2103; x_wconf 83' lang='lat' dir='ltr'><strong>his</strong></span> <span class='ocrx_word' id='word_1_332' title='bbox 3083 2039 3416 2127; x_wconf 76' lang='lat' dir='ltr'><strong>sequitur,</strong></span> <span class='ocrx_word' id='word_1_333' title='bbox 3458 2042 3705 2106; x_wconf 86' lang='lat' dir='ltr'><strong>nullam</strong></span> <span class='ocrx_word' id='word_1_334' title='bbox 3734 2043 3925 2109; x_wconf 85' lang='lat' dir='ltr'><strong>nohis</strong></span> <span class='ocrx_word' id='word_1_335' title='bbox 3958 2064 4043 2109; x_wconf 81' lang='lat' dir='ltr'><strong>ex</strong></span> <span class='ocrx_word' id='word_1_336' title='bbox 4069 2066 4194 2108; x_wconf 83' lang='lat' dir='ltr'><strong>nu·</strong></span> 
     </span>
     <span class='ocr_line' id='line_1_54' title="bbox 2687 2138 4194 2229; baseline 0.007 -27"><span class='ocrx_word' id='word_1_337' title='bbox 2687 2139 2815 2203; x_wconf 79' lang='lat' dir='ltr'><strong>mis</strong></span> <span class='ocrx_word' id='word_1_338' title='bbox 2857 2138 3173 2206; x_wconf 83' lang='lat' dir='ltr'><strong>hactenus</strong></span> <span class='ocrx_word' id='word_1_339' title='bbox 3211 2144 3491 2228; x_wconf 78' lang='lat' dir='ltr'><strong>cognitis</strong></span> <span class='ocrx_word' id='word_1_340' title='bbox 3538 2143 3788 2229; x_wconf 84' lang='lat' dir='ltr'><strong>imponi</strong></span> <span class='ocrx_word' id='word_1_341' title='bbox 3838 2148 4194 2212; x_wconf 81' lang='lat' dir='ltr'><strong>necessita-</strong></span> 
     </span>
     <span class='ocr_line' id='line_1_55' title="bbox 2687 2242 4190 2335; baseline 0.004 -30"><span class='ocrx_word' id='word_1_342' title='bbox 2687 2254 2825 2306; x_wconf 85' lang='lat' dir='ltr'><strong>tem</strong></span> <span class='ocrx_word' id='word_1_343' title='bbox 2869 2242 3142 2309; x_wconf 87' lang='lat' dir='ltr'><strong>Antinoi</strong></span> <span class='ocrx_word' id='word_1_344' title='bbox 3179 2261 3466 2311; x_wconf 83' lang='lat' dir='ltr'><strong>mortem</strong></span> <span class='ocrx_word' id='word_1_345' title='bbox 3515 2247 3944 2331; x_wconf 79' lang='lat' dir='ltr'><strong>anticipandi,</strong></span> <span class='ocrx_word' id='word_1_346' title='bbox 4008 2249 4190 2335; x_wconf 81' lang='lat' dir='ltr'><strong>quod</strong></span> 
     </span>
     <span class='ocr_line' id='line_1_56' title="bbox 2689 2344 4188 2443; baseline 0.003 -35"><span class='ocrx_word' id='word_1_347' title='bbox 2689 2344 2850 2408; x_wconf 89' lang='lat' dir='ltr'><strong>olim</strong></span> <span class='ocrx_word' id='word_1_348' title='bbox 2889 2347 3145 2411; x_wconf 82' lang='lat' dir='ltr'><strong>censuit</strong></span> <span class='ocrx_word' id='word_1_349' title='bbox 3178 2346 3656 2412; x_wconf 81' lang='lat' dir='ltr'><strong>Buonarrotius</strong></span> <span class='ocrx_word' id='word_1_350' title='bbox 3693 2344 3787 2431; x_wconf 74' lang='lat'><strong>¹³).</strong></span> <span class='ocrx_word' id='word_1_351' title='bbox 3877 2348 4054 2443; x_wconf 73' lang='lat' dir='ltr'><strong>Quin</strong></span> <span class='ocrx_word' id='word_1_352' title='bbox 4101 2371 4188 2415; x_wconf 81' lang='lat' dir='ltr'><strong>ex</strong></span> 
     </span>
     <span class='ocr_line' id='line_1_57' title="bbox 2688 2448 4190 2534; baseline 0.003 -25"><span class='ocrx_word' id='word_1_353' title='bbox 2688 2448 2900 2510; x_wconf 78' lang='lat' dir='ltr'><strong>numia</strong></span> <span class='ocrx_word' id='word_1_354' title='bbox 2941 2449 3108 2532; x_wconf 54' lang='lat' dir='ltr'><strong>ipsi}</strong></span> <span class='ocrx_word' id='word_1_355' title='bbox 3145 2450 3449 2527; x_wconf 82' lang='lat' dir='ltr'><strong>Antinoi,</strong></span> <span class='ocrx_word' id='word_1_356' title='bbox 3507 2470 3787 2534; x_wconf 83' lang='lat' dir='ltr'><strong>quorum</strong></span> <span class='ocrx_word' id='word_1_357' title='bbox 3828 2451 3996 2514; x_wconf 81' lang='lat' dir='ltr'><strong>certi</strong></span> <span class='ocrx_word' id='word_1_358' title='bbox 4033 2471 4190 2516; x_wconf 81' lang='lat' dir='ltr'><strong>cum</strong></span> 
     </span>
     <span class='ocr_line' id='line_1_58' title="bbox 2687 2548 4189 2638; baseline 0.003 -24"><span class='ocrx_word' id='word_1_359' title='bbox 2687 2570 2862 2614; x_wconf 85' lang='lat' dir='ltr'><strong>anno</strong></span> <span class='ocrx_word' id='word_1_360' title='bbox 2918 2548 3235 2614; x_wconf 88' lang='lat' dir='ltr'><strong>Hadriani</strong></span> <span class='ocrx_word' id='word_1_361' title='bbox 3290 2553 3530 2621; x_wconf 80' lang='lat' dir='ltr'><strong>xvm.</strong></span> <span class='ocrx_word' id='word_1_362' title='bbox 3595 2550 3950 2638; x_wconf 83' lang='lat' dir='ltr'><strong>incipiunt,</strong></span> <span class='ocrx_word' id='word_1_363' title='bbox 4035 2553 4189 2618; x_wconf 76' lang='lat' dir='ltr'><strong>tatis</strong></span> 
     </span>
     <span class='ocr_line' id='line_1_59' title="bbox 2690 2651 4198 2737; baseline 0.004 -24"><span class='ocrx_word' id='word_1_364' title='bbox 2690 2651 3038 2717; x_wconf 82' lang='lat' dir='ltr'><strong>manifeste</strong></span> <span class='ocrx_word' id='word_1_365' title='bbox 3072 2653 3359 2730; x_wconf 87' lang='lat' dir='ltr'><strong>eruitur,</strong></span> <span class='ocrx_word' id='word_1_366' title='bbox 3395 2665 3528 2717; x_wconf 90' lang='lat' dir='ltr'><strong>tam</strong></span> <span class='ocrx_word' id='word_1_367' title='bbox 3561 2666 3813 2718; x_wconf 87' lang='lat' dir='ltr'><strong>mature</strong></span> <span class='ocrx_word' id='word_1_368' title='bbox 3850 2655 3990 2737; x_wconf 84' lang='lat' dir='ltr'><strong>ejus</strong></span> <span class='ocrx_word' id='word_1_369' title='bbox 4018 2673 4198 2719; x_wconf 75' lang='lat' dir='ltr'><strong>mor·-⁷</strong></span> 
     </span>
     <span class='ocr_line' id='line_1_60' title="bbox 2688 2754 4196 2841; baseline 0.002 -26"><span class='ocrx_word' id='word_1_370' title='bbox 2688 2766 2830 2816; x_wconf 72' lang='lat' dir='ltr'><strong>tem</strong></span> <span class='ocrx_word' id='word_1_371' title='bbox 2862 2774 2997 2817; x_wconf 90' lang='lat' dir='ltr'><strong>non</strong></span> <span class='ocrx_word' id='word_1_372' title='bbox 3033 2772 3181 2818; x_wconf 82' lang='lat' dir='ltr'><strong>esse</strong></span> <span class='ocrx_word' id='word_1_373' title='bbox 3219 2754 3765 2822; x_wconf 81' lang='lat' dir='ltr'><strong>constituendam.</strong></span> <span class='ocrx_word' id='word_1_374' title='bbox 3837 2757 4005 2819; x_wconf 80' lang='lat' dir='ltr'><strong>Nam</strong></span> <span class='ocrx_word' id='word_1_375' title='bbox 4048 2755 4196 2841; x_wconf 73' lang='lat' dir='ltr'><strong>quis</strong></span> 
     </span>
     <span class='ocr_line' id='line_1_61' title="bbox 2688 2854 4195 2932; baseline 0.002 -13"><span class='ocrx_word' id='word_1_376' title='bbox 2688 2855 2952 2932; x_wconf 82' lang='lat' dir='ltr'><strong>credat,</strong></span> <span class='ocrx_word' id='word_1_377' title='bbox 2996 2855 3054 2919; x_wconf 84' lang='lat' dir='ltr'><strong>si</strong></span> <span class='ocrx_word' id='word_1_378' title='bbox 3087 2854 3445 2919; x_wconf 78' lang='lat' dir='ltr'><strong>Antinoum</strong></span> <span class='ocrx_word' id='word_1_379' title='bbox 3483 2878 3639 2922; x_wconf 86' lang='lat' dir='ltr'><strong>cum</strong></span> <span class='ocrx_word' id='word_1_380' title='bbox 3669 2858 4003 2923; x_wconf 82' lang='lat' dir='ltr'><strong>Chronico</strong></span> <span class='ocrx_word' id='word_1_381' title='bbox 4037 2858 4195 2922; x_wconf 86' lang='lat' dir='ltr'><strong>Ale·</strong></span> 
     </span>
     <span class='ocr_line' id='line_1_62' title="bbox 2691 2956 4193 3038; baseline 0.004 -19"><span class='ocrx_word' id='word_1_382' title='bbox 2691 2956 3022 3021; x_wconf 77' lang='lat' dir='ltr'><strong>xandrino</strong></span> <span class='ocrx_word' id='word_1_383' title='bbox 3070 2970 3402 3022; x_wconf 84' lang='lat' dir='ltr'><strong>mortuum</strong></span> <span class='ocrx_word' id='word_1_384' title='bbox 3446 2980 3617 3025; x_wconf 88' lang='lat' dir='ltr'><strong>anno</strong></span> <span class='ocrx_word' id='word_1_385' title='bbox 3659 2961 3746 3030; x_wconf 84' lang='lat' dir='ltr'><strong>V.</strong></span> <span class='ocrx_word' id='word_1_386' title='bbox 3783 2960 3858 3025; x_wconf 90' lang='lat' dir='ltr'><strong>C.</strong></span> <span class='ocrx_word' id='word_1_387' title='bbox 3898 2961 4028 3038; x_wconf 84' lang='grc'><strong>875</strong></span> <span class='ocrx_word' id='word_1_388' title='bbox 4063 2967 4193 3025; x_wconf 78' lang='lat' dir='ltr'><strong>&#39;sta-</strong></span> 
     </span>
     <span class='ocr_line' id='line_1_63' title="bbox 2688 3060 4192 3147; baseline 0.005 -26"><span class='ocrx_word' id='word_1_389' title='bbox 2688 3070 2982 3137; x_wconf 80' lang='lat' dir='ltr'><strong>tuamus,</strong></span> <span class='ocrx_word' id='word_1_390' title='bbox 3049 3060 3382 3125; x_wconf 81' lang='lat' dir='ltr'><strong>continuis</strong></span> <span class='ocrx_word' id='word_1_391' title='bbox 3443 3063 3675 3147; x_wconf 82' lang='lat' dir='ltr'><strong>primis</strong></span> <span class='ocrx_word' id='word_1_392' title='bbox 3739 3062 3959 3140; x_wconf 86' lang='lat' dir='ltr'><strong>annis,</strong></span> <span class='ocrx_word' id='word_1_393' title='bbox 4038 3061 4192 3128; x_wconf 73' lang='lat' dir='ltr'><strong>dun</strong></span> 
     </span>
     <span class='ocr_line' id='line_1_64' title="bbox 2689 3161 4191 3249; baseline 0.002 -25"><span class='ocrx_word' id='word_1_394' title='bbox 2689 3180 2936 3226; x_wconf 84' lang='lat' dir='ltr'><strong>recens</strong></span> <span class='ocrx_word' id='word_1_395' title='bbox 3009 3161 3135 3226; x_wconf 79' lang='lat' dir='ltr'><strong>fuit</strong></span> <span class='ocrx_word' id='word_1_396' title='bbox 3194 3163 3519 3229; x_wconf 77' lang='lat' dir='ltr'><strong>Hadriani</strong></span> <span class='ocrx_word' id='word_1_397' title='bbox 3595 3165 3822 3244; x_wconf 87' lang='lat' dir='ltr'><strong>dolor,</strong></span> <span class='ocrx_word' id='word_1_398' title='bbox 3895 3176 4093 3249; x_wconf 84' lang='lat' dir='ltr'><strong>atque</strong></span> <span class='ocrx_word' id='word_1_399' title='bbox 4135 3167 4191 3227; x_wconf 78' lang='lat' dir='ltr'><strong>is</strong></span> 
     </span>
     <span class='ocr_line' id='line_1_65' title="bbox 3411 3268 4185 3331; baseline -0.001 0"><span class='ocrx_word' id='word_1_400' title='bbox 3411 3281 3482 3331; x_wconf 83' lang='lat' dir='ltr'><strong>et</strong></span> <span class='ocrx_word' id='word_1_401' title='bbox 3530 3268 3828 3331; x_wconf 84' lang='lat' dir='ltr'><strong>omnibus</strong></span> <span class='ocrx_word' id='word_1_402' title='bbox 3875 3281 4185 3330; x_wconf 85' lang='lat' dir='ltr'><strong>mactatus</strong></span> 
     </span>
     <span class='ocr_line' id='line_1_66' title="bbox 2688 3366 4187 3444; baseline 0.001 -16"><span class='ocrx_word' id='word_1_403' title='bbox 2688 3366 3087 3444; x_wconf 85' lang='lat' dir='ltr'><strong>honoribus,</strong></span> <span class='ocrx_word' id='word_1_404' title='bbox 3172 3370 3416 3433; x_wconf 86' lang='lat' dir='ltr'><strong>nnllam</strong></span> <span class='ocrx_word' id='word_1_405' title='bbox 3467 3370 3547 3435; x_wconf 81' lang='lat' dir='ltr'><strong>ab</strong></span> <span class='ocrx_word' id='word_1_406' title='bbox 3593 3369 4060 3435; x_wconf 76' lang='lat' dir='ltr'><strong>Alexandrinis</strong></span> <span class='ocrx_word' id='word_1_407' title='bbox 4123 3368 4187 3431; x_wconf 88' lang='lat' dir='ltr'><strong>ei</strong></span> 
     </span>
     <span class='ocr_line' id='line_1_67' title="bbox 2685 3469 4188 3551; baseline 0 -18"><span class='ocrx_word' id='word_1_408' title='bbox 2685 3469 3055 3536; x_wconf 73' lang='lat' dir='ltr'><strong>dedicatam</strong></span> <span class='ocrx_word' id='word_1_409' title='bbox 3121 3485 3484 3551; x_wconf 77' lang='lat' dir='ltr'><strong>monetam,</strong></span> <span class='ocrx_word' id='word_1_410' title='bbox 3555 3472 3683 3535; x_wconf 83' lang='lat' dir='ltr'><strong>nisi</strong></span> <span class='ocrx_word' id='word_1_411' title='bbox 3739 3471 4022 3538; x_wconf 79' lang='lat' dir='ltr'><strong>velimus</strong></span> <span class='ocrx_word' id='word_1_412' title='bbox 4075 3491 4188 3533; x_wconf 90' lang='lat' dir='ltr'><strong>nu·</strong></span> 
     </span>
     <span class='ocr_line' id='line_1_68' title="bbox 2691 3571 4186 3658; baseline 0 -24"><span class='ocrx_word' id='word_1_413' title='bbox 2691 3593 2835 3636; x_wconf 86' lang='lat' dir='ltr'><strong>mos</strong></span> <span class='ocrx_word' id='word_1_414' title='bbox 2881 3571 3048 3637; x_wconf 85' lang='lat' dir='ltr'><strong>intra</strong></span> <span class='ocrx_word' id='word_1_415' title='bbox 3083 3574 3212 3638; x_wconf 85' lang='lat' dir='ltr'><strong>hoe</strong></span> <span class='ocrx_word' id='word_1_416' title='bbox 3243 3588 3502 3658; x_wconf 78' lang='lat' dir='ltr'><strong>tempus</strong></span> <span class='ocrx_word' id='word_1_417' title='bbox 3535 3593 3728 3637; x_wconf 66' lang='lat' dir='ltr'><strong>curos</strong></span> <span class='ocrx_word' id='word_1_418' title='bbox 3779 3589 4011 3638; x_wconf 83' lang='lat' dir='ltr'><strong>omnes</strong></span> <span class='ocrx_word' id='word_1_419' title='bbox 4058 3572 4186 3636; x_wconf 79' lang='lat' dir='ltr'><strong>for-</strong></span> 
     </span>
     <span class='ocr_line' id='line_1_69' title="bbox 2691 3674 4186 3760; baseline -0.002 -22"><span class='ocrx_word' id='word_1_420' title='bbox 2691 3675 2864 3740; x_wconf 87' lang='lat' dir='ltr'><strong>tuito</strong></span> <span class='ocrx_word' id='word_1_421' title='bbox 2916 3674 3298 3760; x_wconf 81' lang='lat' dir='ltr'><strong>deperditos</strong></span> <span class='ocrx_word' id='word_1_422' title='bbox 3359 3676 3703 3752; x_wconf 78' lang='lat' dir='ltr'><strong>adserere,</strong></span> <span class='ocrx_word' id='word_1_423' title='bbox 3780 3676 4048 3740; x_wconf 74' lang='lat' dir='ltr'><strong>tandem</strong></span> <span class='ocrx_word' id='word_1_424' title='bbox 4110 3674 4186 3737; x_wconf 81' lang='lat' dir='ltr'><strong>ab</strong></span> 
     </span>
     <span class='ocr_line' id='line_1_70' title="bbox 2691 3776 4182 3863; baseline -0.001 -23"><span class='ocrx_word' id='word_1_425' title='bbox 2691 3795 2863 3863; x_wconf 84' lang='lat' dir='ltr'><strong>anno</strong></span> <span class='ocrx_word' id='word_1_426' title='bbox 2912 3776 3003 3844; x_wconf 78' lang='lat' dir='ltr'><strong>V.</strong></span> <span class='ocrx_word' id='word_1_427' title='bbox 3045 3776 3117 3840; x_wconf 89' lang='lat' dir='ltr'><strong>C.</strong></span> <span class='ocrx_word' id='word_1_428' title='bbox 3159 3778 3288 3859; x_wconf 84' lang='grc'><strong>887</strong></span> <span class='ocrx_word' id='word_1_429' title='bbox 3344 3792 3496 3862; x_wconf 77' lang='lat' dir='ltr'><strong>poet</strong></span> <span class='ocrx_word' id='word_1_430' title='bbox 3538 3798 3856 3841; x_wconf 75' lang='lat' dir='ltr'><strong>aneorum</strong></span> <span class='ocrx_word' id='word_1_431' title='bbox 3900 3779 4046 3842; x_wconf 75' lang='grc' dir='ltr'><strong>ΧΠ.</strong></span> <span class='ocrx_word' id='word_1_432' title='bbox 4091 3780 4182 3838; x_wconf 78' lang='lat' dir='ltr'><strong>in-</strong></span> 
     </span>
     <span class='ocr_line' id='line_1_71' title="bbox 2694 3878 4186 3964; baseline -0.001 -22"><span class='ocrx_word' id='word_1_433' title='bbox 2694 3879 3077 3956; x_wconf 81' lang='lat' dir='ltr'><strong>tervallum,</strong></span> <span class='ocrx_word' id='word_1_434' title='bbox 3141 3900 3293 3944; x_wconf 81' lang='lat' dir='ltr'><strong>eum</strong></span> <span class='ocrx_word' id='word_1_435' title='bbox 3353 3881 3481 3962; x_wconf 85' lang='lat' dir='ltr'><strong>jam</strong></span> <span class='ocrx_word' id='word_1_436' title='bbox 3537 3880 3876 3964; x_wconf 76' lang='lat' dir='ltr'><strong>paullatim</strong></span> <span class='ocrx_word' id='word_1_437' title='bbox 3937 3878 4186 3944; x_wconf 75' lang='lat' dir='ltr'><strong>resedit</strong></span> 
     </span>
     <span class='ocr_line' id='line_1_72' title="bbox 2692 3979 4184 4066; baseline 0.001 -25"><span class='ocrx_word' id='word_1_438' title='bbox 2692 3979 2922 4056; x_wconf 68' lang='lat' dir='ltr'><strong>dolor,</strong></span> <span class='ocrx_word' id='word_1_439' title='bbox 2982 3993 3175 4066; x_wconf 79' lang='lat' dir='ltr'><strong>atque</strong></span> <span class='ocrx_word' id='word_1_440' title='bbox 3223 3983 3366 4064; x_wconf 65' lang='lat' dir='ltr'><strong>eius</strong></span> <span class='ocrx_word' id='word_1_441' title='bbox 3403 3981 3800 4046; x_wconf 77' lang='lat' dir='ltr'><strong>observandi</strong></span> <span class='ocrx_word' id='word_1_442' title='bbox 3834 3981 4184 4054; x_wconf 67' lang='lat' dir='ltr'><strong>contentia,</strong></span> 
     </span>
     <span class='ocr_line' id='line_1_73' title="bbox 2693 4081 4180 4168; baseline 0.002 -24"><span class='ocrx_word' id='word_1_443' title='bbox 2693 4081 3156 4165; x_wconf 85' lang='lat' dir='ltr'><strong>coeptos-cudi</strong></span> <span class='ocrx_word' id='word_1_444' title='bbox 3206 4104 3439 4147; x_wconf 86' lang='lat' dir='ltr'><strong>numos</strong></span> <span class='ocrx_word' id='word_1_445' title='bbox 3483 4104 3635 4147; x_wconf 87' lang='lat' dir='ltr'><strong>cum</strong></span> <span class='ocrx_word' id='word_1_446' title='bbox 3692 4084 3834 4166; x_wconf 71' lang='lat' dir='ltr'><strong>ejus</strong></span> <span class='ocrx_word' id='word_1_447' title='bbox 3880 4084 4180 4168; x_wconf 73' lang='lat' dir='ltr'><strong>imagine,</strong></span> 
     </span>
     <span class='ocr_line' id='line_1_74' title="bbox 2693 4184 4185 4270; baseline 0 -22"><span class='ocrx_word' id='word_1_448' title='bbox 2693 4205 2769 4248; x_wconf 90' lang='lat' dir='ltr'><strong>ac</strong></span> <span class='ocrx_word' id='word_1_449' title='bbox 2824 4184 3137 4269; x_wconf 83' lang='lat' dir='ltr'><strong>deinceps</strong></span> <span class='ocrx_word' id='word_1_450' title='bbox 3173 4207 3300 4270; x_wconf 82' lang='lat' dir='ltr'><strong>per</strong></span> <span class='ocrx_word' id='word_1_451' title='bbox 3342 4186 3672 4270; x_wconf 85' lang='lat' dir='ltr'><strong>reliquum</strong></span> <span class='ocrx_word' id='word_1_452' title='bbox 3705 4185 4026 4250; x_wconf 75' lang='lat' dir='ltr'><strong>Hadriani</strong></span> <span class='ocrx_word' id='word_1_453' title='bbox 4071 4186 4185 4248; x_wconf 85' lang='lat' dir='ltr'><strong>im·</strong></span> 
     </span>
     <span class='ocr_line' id='line_1_75' title="bbox 2690 4286 4184 4372; baseline -0.001 -22"><span class='ocrx_word' id='word_1_454' title='bbox 2690 4287 2954 4370; x_wconf 82' lang='lat' dir='ltr'><strong>perium</strong></span> <span class='ocrx_word' id='word_1_455' title='bbox 2994 4287 3455 4351; x_wconf 79' lang='lat' dir='ltr'><strong>continuatos?</strong></span> <span class='ocrx_word' id='word_1_456' title='bbox 3517 4286 3799 4352; x_wconf 84' lang='lat' dir='ltr'><strong>Accedit</strong></span> <span class='ocrx_word' id='word_1_457' title='bbox 3842 4308 4184 4372; x_wconf 78' lang='lat' dir='ltr'><strong>argumen-</strong></span> 
     </span>
     <span class='ocr_line' id='line_1_76' title="bbox 2689 4388 4184 4477; baseline 0.003 -28"><span class='ocrx_word' id='word_1_458' title='bbox 2689 4400 2830 4449; x_wconf 80' lang='lat' dir='ltr'><strong>tum</strong></span> <span class='ocrx_word' id='word_1_459' title='bbox 2865 4388 3072 4466; x_wconf 88' lang='lat' dir='ltr'><strong>aliud,</strong></span> <span class='ocrx_word' id='word_1_460' title='bbox 3113 4403 3342 4477; x_wconf 86' lang='lat' dir='ltr'><strong>atque,</strong></span> <span class='ocrx_word' id='word_1_461' title='bbox 3385 4390 3511 4454; x_wconf 84' lang='lat' dir='ltr'><strong>etsi</strong></span> <span class='ocrx_word' id='word_1_462' title='bbox 3545 4388 3887 4470; x_wconf 56' lang='grc' dir='ltr'><strong>ἄμης-αισι,</strong></span> <span class='ocrx_word' id='word_1_463' title='bbox 3945 4410 4184 4475; x_wconf 67' lang='lat' dir='ltr'><strong>nequa-</strong></span> 
     </span>
     <span class='ocr_line' id='line_1_77' title="bbox 2695 4490 4187 4575; baseline -0.001 -21"><span class='ocrx_word' id='word_1_464' title='bbox 2695 4511 2886 4574; x_wconf 79' lang='lat' dir='ltr'><strong>quam</strong></span> <span class='ocrx_word' id='word_1_465' title='bbox 2939 4504 3195 4568; x_wconf 82' lang='lat' dir='ltr'><strong>tamen,</strong></span> <span class='ocrx_word' id='word_1_466' title='bbox 3256 4504 3332 4554; x_wconf 82' lang='lat' dir='ltr'><strong>nt</strong></span> <span class='ocrx_word' id='word_1_467' title='bbox 3375 4490 3641 4575; x_wconf 77' lang='lat' dir='ltr'><strong>opiner,</strong></span> <span class='ocrx_word' id='word_1_468' title='bbox 3706 4490 4027 4575; x_wconf 72' lang='lat' dir='ltr'><strong>ignobile.</strong></span> <span class='ocrx_word' id='word_1_469' title='bbox 4115 4491 4187 4555; x_wconf 81' lang='lat' dir='ltr'><strong>Si</strong></span> 
     </span>
     <span class='ocr_line' id='line_1_78' title="bbox 2691 4589 4183 4677; baseline 0.001 -22"><span class='ocrx_word' id='word_1_470' title='bbox 2691 4592 2868 4677; x_wconf 71' lang='lat' dir='ltr'><strong>juxta</strong></span> <span class='ocrx_word' id='word_1_471' title='bbox 2920 4589 3231 4660; x_wconf 83' lang='lat' dir='ltr'><strong>Chronici</strong></span> <span class='ocrx_word' id='word_1_472' title='bbox 3263 4591 3691 4658; x_wconf 75' lang='lat' dir='ltr'><strong>Alexandrini</strong></span> <span class='ocrx_word' id='word_1_473' title='bbox 3742 4592 4183 4657; x_wconf 72' lang='lat' dir='ltr'><strong>testimonium</strong></span> 
     </span>
     <span class='ocr_line' id='line_1_79' title="bbox 2694 4681 4184 4782; baseline 0.001 -22"><span class='ocrx_word' id='word_1_474' title='bbox 2694 4698 2825 4782; x_wconf 87' lang='lat' dir='ltr'><strong>jam</strong></span> <span class='ocrx_word' id='word_1_475' title='bbox 2857 4716 3026 4761; x_wconf 87' lang='lat' dir='ltr'><strong>anno</strong></span> <span class='ocrx_word' id='word_1_476' title='bbox 3065 4697 3150 4766; x_wconf 85' lang='lat' dir='ltr'><strong>V.</strong></span> <span class='ocrx_word' id='word_1_477' title='bbox 3191 4697 3262 4761; x_wconf 92' lang='lat' dir='ltr'><strong>C.</strong></span> <span class='ocrx_word' id='word_1_478' title='bbox 3304 4698 3431 4778; x_wconf 78' lang='lat'><strong>875</strong></span> <span class='ocrx_word' id='word_1_479' title='bbox 3470 4696 3542 4759; x_wconf 87' lang='lat' dir='ltr'><strong>in</strong></span> <span class='ocrx_word' id='word_1_480' title='bbox 3569 4681 4034 4782; x_wconf 64' lang='lat' dir='ltr'><strong>Aegyptofuit</strong></span> <span class='ocrx_word' id='word_1_481' title='bbox 4061 4697 4184 4760; x_wconf 69' lang='lat' dir='ltr'><strong>He-</strong></span> 
     </span>
    </p>
   </div>
   <div class='ocr_carea' id='block_1_12' title="bbox 2355 4907 3098 4983">
    <p class='ocr_par' dir='ltr' id='par_1_14' title="bbox 2355 4907 3098 4983">
     <span class='ocr_line' id='line_1_80' title="bbox 2355 4907 3098 4983; baseline -0.005 -17"><span class='ocrx_word' id='word_1_482' title='bbox 2355 4909 2427 4983; x_wconf 74' lang='lat' dir='ltr'><strong>b)</strong></span> <span class='ocrx_word' id='word_1_483' title='bbox 2457 4910 2708 4969; x_wconf 73' lang='lat' dir='ltr'><strong>Osserv.</strong></span> <span class='ocrx_word' id='word_1_484' title='bbox 2736 4907 2897 4965; x_wconf 73' lang='lat' dir='ltr'><strong>ister.</strong></span> <span class='ocrx_word' id='word_1_485' title='bbox 2928 4925 2988 4983; x_wconf 88' lang='lat' dir='ltr'><strong>p.</strong></span> <span class='ocrx_word' id='word_1_486' title='bbox 3008 4908 3098 4970; x_wconf 81' lang='lat'><strong>26.</strong></span> 
     </span>
    </p>
   </div>
   <div class='ocr_carea' id='block_1_13' title="bbox 4407 2951 4412 4168">
    <p class='ocr_par' dir='ltr' id='par_1_15' title="bbox 4407 2951 4412 4168">
     <span class='ocr_line' id='line_1_81' title="bbox 4407 2951 4412 4168; baseline 0 0"><span class='ocrx_word' id='word_1_487' title='bbox 4407 2951 4412 4168; x_wconf 95' lang='lat' dir='ltr'><strong> </strong></span> 
     </span>
    </p>
   </div>
   <div class='ocr_carea' id='block_1_14' title="bbox 4407 4513 4412 5299">
    <p class='ocr_par' dir='ltr' id='par_1_16' title="bbox 4407 4513 4412 5299">
     <span class='ocr_line' id='line_1_82' title="bbox 4407 4513 4412 5299; baseline 0 0"><span class='ocrx_word' id='word_1_488' title='bbox 4407 4513 4412 5299; x_wconf 95' lang='lat' dir='ltr'><strong> </strong></span> 
     </span>
    </p>
   </div>
  </div>
 </body>
</html>
