4509 5584
1147 614 1289 694 358
1358 670 1359 673 w
2138 634 2173 715 ὲ

1149 778 1622 863 phitheatrum,
1700 772 1946 838 dictum
2014 770 2216 838 hodie
2275 771 2602 836 Coliseum
2620 817 2646 849 ,

1153 877 1329 960 quod
1374 890 1650 961 propter
1690 876 1913 959 operis
1959 873 2213 938 firmam
2253 894 2641 960 compagem

1151 993 1491 1045 aeteruum
1542 979 1789 1054 fuerat,
1857 976 1991 1039 nisi·
2034 976 2370 1041 recentior
2415 964 2642 1039 barbass

1148 1081 1285 1146 ries
1314 1095 1569 1166 partem
1602 1092 1781 1144 esset
1812 1077 2156 1142 demolita..
2202 1076 2311 1142 Ad
2338 1075 2506 1140 illud
2536 1098 2642 1140 ae-

1153 1181 1550 1268 dificandum
1604 1201 1752 1244 cum
1796 1178 1960 1242 dixit
1999 1178 2466 1257 Cassiodorus,
2536 1180 2649 1241 'fi-

1149 1290 1291 1347 tum
1327 1281 1842 1349 derivasseauri
1872 1281 2054 1347 rivos
2096 1282 2191 1364 ⁸),
2238 1270 2653 1369 nequaquam·

1152 1386 1455 1451 videatur
1509 1383 1766 1447 locutus
1837 1378 2259 1464 ὕπερβολικως,
2299 1405 2486 1448 ·nam
2546 1405 2650 1448 ca·

1152 1484 1282 1569 ptis
1320 1484 1689 1556 mensuris,
1770 1495 1839 1546 et
1888 1483 2052 1548 inito
2117 1483 2373 1548 calculo
2427 1485 2650 1549 confe-

1163 1605 1322 1650 cere
1362 1584 1900 1667 Barthelemyns,
1944 1597 2012 1646 et
2052 1585 2128 1648 P.
2169 1586 2503 1670 lacquier‚
2547 1606 2652 1650 so·

1150 1688 1289 1750 lum
1345 1687 1487 1769 ejus
1521 1706 1781 1748 murum
1827 1697 2174 1748 externum
2216 1688 2649 1751 constiturum

1152 1787 1353 1851 hodie
1392 1787 1602 1857 xvn.
1637 1786 1966 1850 milliones
2013 1786 2330 1851 librarum
2375 1788 2651 1852 Gallica-

1149 1911 1300 1955 rum
1329 1886 1419 1971 b).
1484 1887 1679 1950 Tanti
1730 1886 1948 1951 fuerat
1989 1886 2337 1953 effundere
2392 1888 2653 1952 thesau-

1148 2012 1294 2068 ros,
1355 2009 1440 2053 ne
1485 1987 1753 2053 deesset
1799 1989 2044 2095 populo
2087 1990 2226 2087 jam
2268 1989 2654 2054 immanissi-

1152 2113 1407 2156 marum
1427 2086 1771 2152 libidinum
1801 2086 2046 2155 sitienti
2068 2077 2252 2155 locus
2286 2089 2652 2176 dignu-‚in

1153 2213 1306 2280 quo,
1347 2205 1420 2255 ut
1456 2193 1883 2277 conqueritur
1909 2192 2242 2256 Arnobius
2277 2195 2371 2275 0),
2418 2192 2652 2255 mandi

1153 2295 1456 2358 homenes
1501 2309 1831 2371 cerneret,
1880 2306 1949 2356 et
1977 2295 2341 2358 bestiarum
2373 2295 2652 2357 laniati·

1153 2397 1279 2459 bus
1314 2397 1674 2499 dissipari,
1693 2392 2057 2479 interficere
2089 2417 2161 2458 ,ιο
2190 2397 2368 2459 alios
2392 2394 2652 2458 nullius

1155 2497 1238 2559 ob
1271 2500 1497 2559 meriti
1541 2517 1813 2559 causam
1829 2540 1861 2575 ,
1895 2497 2016 2558 sed
2051 2498 2125 2559 ἰιι
2154 2507 2423 2579 gratam
2468 2496 2647 2559 volu·

1150 2609 1407 2679 protem
1445 2619 1943 2674 consessorum,
1965 2599 2272 2681 ipsosque
2300 2598 2457 2660 illos
2487 2598 2652 2672 dies,

1153 2700 1397 2778 quibus
1430 2710 1695 2761 tantum
1733 2701 2264 2761 committeretur
2302 2699 2526 2781 nefits,
2578 2700 2653 2759 in

1149 2802 1430 2882 gaudiis
1480 2800 1936 2862 commum‘bus
1980 2802 2326 2876 ducerent,
2367 2811 2435 2861 et
2457 2788 2654 2883 fisca

1158 2901 1515 2963 hilaritate
1549 2913 1915 2966 sacrarent.
1972 2901 2295 2983 coeptum
2327 2896 2659 2966 aedificari

1163 3002 1530 3086 imperante
1560 2999 1991 3084 Vespasiano,
2035 3002 2165 3065 hoc
2196 3001 2458 3064 demum
2489 3018 2660 3062 anno

1165 3103 1421 3166 finitum
1463 3102 1966 3188 dedicatumque
1998 3125 2036 3167 a
2074 3103 2263 3180 Tito,
2328 3115 2400 3164 ut
2430 3101 2566 3162 dixi
2591 3101 2661 3160 in

1166 3205 1571 3282 annalibus,·
1608 3225 1683 3268 ac
1731 3219 2085 3288 propterea
2130 3203 2345 3265 numia
2388 3202 2661 3265 illatum.

1166 3306 1482 3370 Recurrit
1514 3305 1691 3370 idem
1727 3320 1916 3395 typus
1958 3304 2024 3366 in
2061 3304 2274 3366 numis
2308 3302 2665 3367 Domitiani

1164 3410 1365 3494 ‘hujus
1411 3408 1592 3485 anni',
1665 3420 1740 3470 ut
1799 3420 1866 3470 et
1909 3406 1979 3468 in
2035 3406 2259 3470 numis·
2312 3405 2447 3470 di‘vi
2508 3404 2663 3471 Titi.

1174 3511 1392 3574 Etiam
1441 3508 1622 3570 numi
1668 3507 1986 3570 Gordiani
2038 3508 2356 3577 maximae
2410 3507 2664 3571 formae

1160 3612 1358 3692 hujus
1399 3608 1685 3672 aedificii·
1715 3610 2063 3694 imaginem
2102 3609 2356 3676 sistunt.
2389 3611 2665 3672 ·Multos

1168 3712 1373 3776 hodie
1404 3709 1815 3775 circumferri
1839 3708 2222 3801 Vespasiani
2247 3730 2479 3775 numos
2516 3731 2667 3774 cum

1168 3815 1299 3879 hac
1330 3833 1577 3889 aversa,
1613 3810 1737 3875 sed·
1760 3810 1963 3877 falsos
1996 3831 2259 3892 omnes,
2298 3809 2435 3876 dixi
2460 3813 2529 3875 in
2548 3813 2665 3877 hu·

1171 3917 1275 3999 jus
1313 3926 1594 3978 moneta.
2250 3894 2260 3909 '

1459 4018 1552 4081 Vt
1586 4018 1689 4078 ltt.
1717 4016 1808 4081 A.
2609 4028 2616 4037 ’

1173 4119 1313 4181 ΤΒ.
1354 4119 1432 4185 Ρ.
1480 4118 1593 4185 IX.
1639 4120 1816 4184 IMP.
1865 4118 2012 4189 XV.
2053 4113 2243 4186 COS.
2269 4116 2442 4185 V111.
2476 4119 2554 4185 Ρ.
2586 4120 2661 4182 Ρ.

1173 4224 1353 4306 typis
1382 4224 1610 4285 variis.
1658 4222 1802 4288 AV.
1841 4221 1985 4286 AR.
2222 4240 2225 4243 “

1300 4322 1503 4384 Numi
1516 4322 1764 4386 similes
1787 4324 2056 4407 ingente
2087 4343 2364 4388 numero
2387 4336 2662 4388 exstant.

1172 4425 1278 4487 Ex
1317 4424 1519 4508 typis,
1563 4424 1803 4488 ceteris
1838 4424 2084 4500 obviis,
2133 4424 2487 4491 memorari
2530 4444 2666 4487 me-

1174 4538 1363 4590 retur
1377 4526 1643 4606 elephas
1666 4528 2017 4603 loricatus,
2050 4524 2161 4609 qui
2183 4525 2474 4589 refertur
2491 4524 2664 4589 haud

2517 600 2894 680 TITVS.

2755 769 2957 836 dubie
3001 768 3084 835 ad
3121 768 3315 836 ludos
3350 769 3694 856 magnifice
3738 771 3866 836 hoc
3899 768 4052 839 anne
4080 776 4195 842 ohi-

2753 886 2880 938 tos.
2954 872 3084 937 Hic
3136 888 3327 957 typus
3363 872 3620 957 saepius
3660 875 3942 939 occurrit
3966 876 4044 943 ob
4072 899 4197 942 ean·

2754 973 2909 1040 dem
2946 975 3301 1039 causamin
3334 973 3545 1038 numis
3575 974 3937 1062 inscriptise
3978 978 4196 1046 nvm-

2751 1077 3191 1142 FICENTIA.
3227 1076 3433 1145 AVG.
3508 1078 3613 1142 De
3644 1077 3912 1142 loricata
3939 1078 4052 1144 hac
4080 1079 4196 1145 bel·

2753 1178 2863 1243 lua
2888 1176 3073 1254 vide,
3125 1198 3291 1262 quae
3317 1179 3683 1242 notabimus
3718 1179 3786 1241 in
3818 1192 4063 1245 moneta
4089 1182 4201 1243 An·

2754 1279 2969 1344 tonini
2997 1280 3103 1340 Pii
3139 1279 3222 1343 ad
3251 1301 3490 1345 annum
3524 1281 3609 1349 V.
3640 1280 3729 1346 C.
3741 1298 3890 1363 qen.

2882 1379 3150 1465 copiosi
3181 1394 3332 1481 sunt
3368 1383 3563 1446 etiam
3592 1382 3785 1447 aenei
3812 1384 3861 1445 1.
3897 1395 3962 1446 et
3989 1384 4061 1444 11.
4087 1382 4199 1447 ior·

2759 1500 2943 1558 mae,
2996 1481 3118 1546 sed
3174 1482 3287 1569 qui
3329 1503 3476 1547 nou
3517 1483 3838 1550 exhibent
3883 1482 4004 1548 nisi
4044 1497 4201 1573 typos

2758 1584 2887 1670 jam
2911 1583 3231 1670 cognitos·

3145 1748 3873 1828 Vc.mexm.
4222 1842 4230 1851 .

2768 1867 3020 1975 AVG.
3076 1869 3210 1936 ΤΡ.
3252 1872 3327 1932 Ρ.
3377 1869 3473 1935 Χ.
3508 1871 3654 1937 Χ..ι
3676 1871 3872 1937 cos,
3924 1871 4108 1939 νιιι.
4146 1875 4208 1938 Ρ.

2971 1990 3078 2053 Μ.
3100 1972 3192 2055 Ρ.
3221 1990 3299 2056 Ρ.
3330 1990 3535 2055 me.
3568 1974 3778 2057 ΧΠ.
3806 1992 4033 2058 XVII.

2763 2127 3109 2195 Lanuvio
3143 2122 3333 2190 Silva
3364 2125 3641 2204 Nonio„
3665 2128 3920 2192 Asinio
3941 2122 4212 2192 ’Pollione

3247 2228 3613 2291 Wrxucoso
3640 2249 3788 2294 cos.

2886 2389 3393 2457 floritur'Titus
3427 2391 3586 2460 idib.
3622 2394 3810 2476 Sept.
3853 2413 3984 2459 nou
4014 2393 4207 2457 immu-

2764 2494 2833 2556 ni
2888 2481 3282 2579 procuratae
3346 2495 3534 2559 necis
3608 2494 3979 2579 suspicione
4024 2493 4213 2560 Domi·

2767 2593 2945 2660 tiano
2977 2593 3063 2678 d).
3303 2608 3306 2613 '
3567 2652 3576 2657 .

2890 2694 3210 2781 Prince‘ps
3237 2695 3404 2776 fuit,
3453 2695 3510 2758 si
3545 2695 3689 2781 quis
3720 2697 3919 2774 alius,
3953 2694 4215 2781 longiore

2767 2800 2900 2865 vita
2943 2797 3395 2883 dignissimus3
3476 2811 3648 2862 tanta
3698 2800 3806 2862 illi
3859 2819 4098 2864 morum
4135 2815 4221 2859 co·

2769 2901 2989 2976 mites,
3026 2912 3273 2962 tantum
3306 2897 3603 2962 omnibus
3639 2898 4085 2965 benefaciendi
4113 2911 4219 2962 stu·

2774 3000 2989 3079 dium,
3040 3021 3171 3085 quo
3219 3000 3495 3078 factum,
3554 3013 3628 3063 ut
3680 3003 3884 3087 vulgo
3925 3022 4123 3078 amor,
4167 3017 4226 3063 sc

2778 3104 3055 3168 deliciae
3120 3102 3392 3166 humani·
3454 3102 3719 3186 generis
3786 3117 4117 3170 vocaretur
4152 3101 4225 3182 θ),

2775 3210 2848 3269 'et
2882 3203 3059 3290 quod
3121 3204 3328 3288 magis
3375 3203 3652 3283 mirum,
3709 3205 3960 3289 privata
4012 3198 4231 3287 ejuni-

2782 3318 2842 3369 ta
2887 3305 3445 3392 reprehensione,
3507 3319 3576 3369 et
3623 3304 3780 3370 odio
3829 3307 4081 3393 publico
4121 3320 4229 3367 non

2780 3408 3010 3472 caruit.
3093 3409 3261 3470 Nam
3324 3398 3402 3470 et'
3467 3406 3773 3486 saevitia,
3844 3423 3912 3472 et
3976 3404 4223 3477 luxuria,

2781 3522 2848 3573 et
2893 3507 3241 3593 rapacitas,
3299 3521 3436 3571 tum
3482 3509 3674 3570 etiam
3719 3529 3907 3573 amor
3953 3507 4228 3589 intempe-

2778 3612 3087 3675 sti'varum
3145 3609 3672 3674 comissationum
3714 3611 3929 3694 palam
3968 3607 4228 3674 notaban-

2775 3724 2914 3789 tur,
2978 3711 3073 3774 sic
3128 3726 3202 3774 ut
3258 3713 3431 3776 alter
3470 3711 3726 3774 futurus
3790 3714 3972 3778 Nero
4023 3706 4224 3796 passim

2775 3811 3303 3898 praedicaretur,
3354 3832 3570 3897 neque
3609 3812 3776 3876 alius
3813 3813 3960 3898 quis
3993 3826 4111 3876 tam
4142 3805 4228 3884 acl·

2775 3934 2973 3980 verso
3030 3935 3333 3994 rumore,
3404 3915 3740 3999 magisque
3800 3915 4016 3981 invitis
4056 3907 4229 3977 omni·

2774 4015 2897 4081 bus
2941 4019 3249 4082 transiret
3306 4016 3389 4080 ad
3446 4008 3880 4101 principatum
3920 4014 3996 4102 ¹).
4074 4009 4228 4073 Prin·

2775 4139 2932 4204 ceps
2975 4120 3292 4185 correctis
3334 4119 3403 4181 in
3443 4118 3679 4183 'melius
3721 4118 3957 4199 studiis
4007 4108 4229 4179 nonnisi

2775 4221 3009 4300 famae,
3079 4242 3156 4287 ac
3216 4219 3566 4286 virtutibus
3624 4219 3917 4287 servivit.
4016 4219 4229 4281 uomo-

2775 4323 2915 4387 riae
2950 4323 3248 4407 proditae
3281 4337 3432 4386 sunt
3478 4322 3837 4385 nonnullae
3884 4322 4023 4405 ejus
4066 4333 4231 4383 voees

2777 4425 2908 4490 alte
2987 4425 3055 4485 in
3111 4423 3395 4488 animum
3469 4423 3861 4508 defigendae
3918 4423 4029 4498 iis,
4098 4432 4233 4505 φο·

2777 4525 3194 4591 'moderandis
3260 4526 3526 4610 populis
3589 4525 3855 4590 fortuna
3932 4516 4233 4607 praefecit,

1178 4650 4217 4685 ——----.—-—--———-——.-..-——.——----—-

1249 4751 1313 4822 a)
1349 4748 1417 4807 L.
1432 4748 1510 4810 V.
1542 4750 1716 4824 epist.
1748 4757 1840 4813 42.

1180 4840 1314 4898 Tito
1347 4859 1399 4896 c.
1426 4851 1511 4898 ιι.
1542 4836 1600 4894 in
1628 4840 1845 4897 Domit.
1881 4850 2003 4901 c.2.
2039 4840 2152 4899 Dio
2183 4839 2250 4898 L.
2270 4838 2470 4902 LXVI.
2507 4843 2558 4913 ς.
2582 4843 2670 4906 26.

2022 4749 2095 4822 b)
2134 4750 2200 4806 B.
2232 4749 2302 4806 ι..
2330 4750 2400 4808 T.
2416 4749 2682 4810 xxvm.
2715 4771 2776 4828 p.
2797 4761 2923 4815 585.

3110 4754 3172 4825 c)
3207 4748 3343 4807 adv.
3372 4760 3528 4827 gent.
3556 4748 3621 4808 L.
3643 4749 3716 4808 11.

2851 4842 2917 4915 e)
2958 4840 3118 4900 Suet.
3145 4859 3195 4898 c.
3218 4854 3267 4900 ι.
3451 4839 3507 4912 s)
3548 4838 3709 4897 Suet.
3746 4857 3799 4897 c.
3817 4840 3873 4904 6.
3905 4849 3959 4901 7.

3904 4748 3972 4822 d)
4015 4746 4159 4803 Suet.
4189 4737 4237 4794 iu
4323 4740 4329 4747 '
