4509 5584
954 552 1096 621 ita
1148 577 1151 582 ·

1672 695 1713 735 O

1082 797 1929 866 CAESARES.GEM1N1
1993 811 2310 864 vocantur
2368 798 2437 860 in

952 911 1151 970 numo
1201 900 1629 975 Tarraconis,
1688 908 1985 983 stantque
2039 900 2244 982 togati
2295 899 2439 983 jun-

1862 505 2396 605 AcmrrA
2451 527 3106 609 rostrvmvs.

2552 712 2781 785 gentes
2819 700 3155 776 dexteras,
3204 697 3308 763 vel
3354 718 3640 783 parmam
3675 697 3858 760 humi
3895 699 4039 760 atti-

2549 815 2816 877 nentes,
2857 816 2929 864 ut
2960 803 3027 864 in
3062 800 3345 865 denariis
3380 800 3740 865 Romanis·
3753 799 4030 882 (Florus

2550 901 2938 971 tab.XL1V.
2970 925 3097 984 n.7
3133 916 3201 967 et
3231 904 3329 984 8.)

1604 1193 2142 1259 AGRIPPA
2214 1192 2825 1258 POSTVMVS
2899 1194 3380 1260 CAESAR.

1076 1369 1170 1432 M.
1207 1365 1501 1449 Agrippa
1544 1375 1838 1425 mortuus
1881 1359 1963 1426 V.
1995 1361 2067 1421 C.
2104 1370 2228 1438 742
2282 1378 2443 1420 uxo-

954 1490 1098 1534 rem
1144 1467 1369 1529 Iuliam
1419 1463 1696 1549 Augusti
1734 1460 1933 1522 filiam
1982 1462 2250 1546 reliquit
2297 1482 2442 1543 gra-

951 1572 1191 1654 vidam,
1233 1589 1398 1655 quae
1435 1588 1588 1630 mox
1624 1565 1829 1627 filium
1865 1563 2052 1625 enixa
2089 1576 2210 1637 est,
2242 1580 2440 1646 quem

951 1675 1285 1778 Augustus
1321 1672 1385 1732 in
1419 1667 1804 1730 memoriam
1833 1663 2014 1732 chari
2043 1659 2167 1726 s'ibi
2201 1661 2442 1746 Agrip-

948 1796 1116 1860 pac,
1172 1795 1246 1838 ac
1292 1772 1542 1835 doloris
1584 1770 1888 1833 levamen
1924 1765 2314 1849 Agrippam
2328 1784 2440 1828 vo·

951 1878 1090 1942 cari
1135 1873 1345 1940 voluit
1391 1875 1493 1953 Μ)
1540 1869 1877 1952 dictusque
1917 1878 2018 1929 est
2055 1883 2437 1950 postumus,
2471 1899 2478 1907 ·

956 1975 1261 2063 quoniam
1315 1987 1500 2057 patre
1551 1972 1678 2056 jam
1740 1989 1778 2033 e
1840 1952 2014 2032 vivis
2061 1966 2315 2029 sublato
2371 1966 2440 2026 in

956 2082 1174 2143 lucem
1231 2073 1537 2160 prodivit.
1615 2073 1784 2132 Eum
1843 2069 2173 2151 Augustus
2231 2067 2316 2138 V.
2363 2065 2438 2132 C.

912 2171 1082 2260 '757
1126 2176 1338 2242 audita
1383 2177 1458 2239 C.
1495 2172 1788 2236 Caesaris
1840 2183 2053 2233 morte
2107 2189 2233 2230 una
2290 2185 2442 2230 cum

957 2278 1228 2342 Tiberio
1286 2274 1615 2359 adoptavit
1657 2270 1760 2354 ¹²),
1822 2272 2019 2356 eique
2070 2290 2238 2331 anno
2289 2290 2443 2354 pro-

951 2379 1130 2444 xime
1186 2391 1502 2462 sequente
1564 2390 1780 2460 togam
1834 2374 2092 2437 virilem
2147 2369 2445 2434 decrevit

955 2482 1201 2566 absque
1257 2493 1475 2542 tamen
1529 2475 1886 2539 honoribus
1942 2473 2056 2549 iis,
2115 2492 2279 2555 quos
2340 2491 2446 2533 ea-

957 2583 1108 2646 dem
1165 2579 1509 2644 occasione
1555 2578 1712 2661 Cajo
1761 2591 1828 2640 et
1869 2574 2083 2638 Lucio
2136 2570 2445 2634 fratribus

955 2683 1315 2768 impertivit
1360 2683 1458 2764 0),
1539 2677 1973 2753 crediderim,
2050 2671 2226 2767 quod
2301 2672 2445 2756 ejus

958 2784 1297 2868 ingenium
1327 2782 1575 2848 veritus
1615 2793 1778 2845 crat.
1832 2773 2101 2841 Tacitus
2146 2795 2297 2838 eum
2339 2795 2449 2835 ru-

944 2886 1113 2966 ‚dem
1172 2885 1489 2948 bonarum
1546 2883 1813 2966 artium,
1874 2890 1942 2940 et
1996 2877 2249 2940 robore
2304 2895 2449 2938 cor-

957 2989 1142 3071 poris
1181 2986 1419 3050 stolide
1465 2987 1760 3048 ferocem
1797 2989 2027 3054 vocat,
2082 2977 2323 3040 nullius
2359 2987 2450 3039 ta·

962 3109 1123 3152 men
1193 3085 1427 3171 flagitii
1505 3095 1914 3180 compertum
1966 3079 2051 3161 d).
2142 3076 2451 3142 Atrocius

967 3189 1112 3267 alii,
1154 3188 1425 3273 ingenio
1467 3186 1671 3249 fuisse
1715 3179 2017 3253 sordido,
2074 3191 2143 3241 et
2183 3179 2454 3253 feroce,

966 3306 1036 3358 et
1073 3290 1419 3356 servilibus
1458 3283 1750 3378 moribus
1790 3280 2249 3355 criminantur,
2303 3279 2459 3340 soli·

962 3385 1102 3458 'tum
1145 3409 1464 3455 exercere
1508 3367 1860 3472 piscatum,
1911 3402 1995 3445 ex
2039 3400 2168 3466 quo
2210 3380 2459 3463 Neptu

965 3495 1036 3557 ni
1089 3495 1231 3579 ipse
1286 3490 1413 3554 sibi
1459 3508 1703 3551 nomeu
1757 3495 2156 3567 sumpserat,
2216 3482 2316 3545 ira
2363 3482 2458 3542 in-

970 3615 1169 3679 super
1222 3591 1622 3677 praecipite,
1682 3586 1794 3670 qui
1846 3583 2100 3648 Liviam
2153 3596 2458 3666 tanquam

971 3715 1359 3772 novercam,
1429 3705 1497 3756 et
1551 3693 1765 3774 ipsum
1820 3689 2220 3769 Augustum,
2279 3681 2457 3768 quod

972 3800 1305 3915 Agrippae
1365 3792 1566 3878 patris
1622 3789 1793 3853 bona
1865 3787 1989 3850 sibi
2057 3784 2454 3860 retinuerat,

971 3898 1283 3965 conviciis
1319 3890 1748 3981 proscindere
1783 3910 1975 3951 ausus
2011 3902 2111 3951 est
2139 3890 2225 3970 ).
2268 3889 2453 3951 Haec

970 4000 1160 4108 pueri
1221 3999 1415 4073 vitia,
1475 3993 1647 4057 haud
1712 3990 1906 4053 dubie
1962 3988 2035 4050 in
2085 3989 2292 4074 majus
2347 4010 2459 4051 au·

971 4117 1073 4168 cta
1115 4124 1151 4166 a
1194 4101 1419 4175 Livia,
1481 4117 1673 4161 saeva
1730 4091 1800 4158 in
1850 4090 2131 4174 Augusti
2189 4089 2458 4153 domum

972 4218 1221 4281 matre,
1272 4215 1347 4265 ut
1387 4199 1729 4262 Tiberium
1786 4215 1973 4258 suum
2028 4191 2300 4277 propius
2349 4186 2459 4254 ad-

850 4313 867 4326 '
971 4317 1300 4381 moveret,
1335 4318 1728 4389 permovere
1762 4299 2163 4382 Augustum,
2196 4306 2271 4357 ut
2305 4313 2457 4357 eum

2552 1354 2922 1438 abdicaret,
2977 1376 3044 1426 et
3084 1361 3366 1445 primum
3413 1361 3835 1438 Surrentum,
3886 1382 4039 1423 mox

2551 1462 2912 1524 Planasiam
3007 1462 3279 1528 vicinam
3362 1463 3666 1532 Corsicae
3763 1453 4041 1524 insulam

2554 1576 2999 1627 summoveret
3047 1584 3214 1627 anno
3263 1565 3347 1632 V.
3384 1565 3458 1630 C.
3494 1565 3622 1648 760
3664 1563 3738 1646 ¹).
3795 1562 4041 1626 Habuit
4139 1559 4148 1564 ’

2552 1678 2769 1754 tamen
2820 1664 3184 1749 Augustum
3236 1666 3482 1729 exsulis
3535 1664 3871 1749 Agrippae
3928 1664 4039 1727 de·

2550 1766 2866 1830 siderium
2906 1768 3004 1846 8),
3060 1780 3126 1828 et
3166 1767 3523 1830 incesserat
3566 1786 3837 1843 rumor,
3885 1786 4038 1848 pau·

2553 1890 2666 1931 cos
2698 1881 2845 1931 ante
2880 1887 3176 1945 menses,
3219 1881 3562 1951 antequam
3596 1867 3724 1930 vita
3762 1867 4040 1931 excede-

2553 1983 2693 2046 ret,
2737 1971 2902 2032 clam
2940 1969 3303 2031 Planasiam
3337 1969 3419 2031 ad
3454 1968 3808 2032 videndum
3839 1986 4042 2052 nepo-

2554 2084 2720 2147 tem,
2772 2070 3173 2154 pr'ofectum,
3218 2069 3328 2132 ubi
3371 2069 3544 2130 inter
3585 2068 3915 2147 lacrimas,
3971 2051 4042 2132 et

2555 2171 2836 2236 caritatis
2870 2172 3054 2254 signa
3091 2192 3241 2254 spes
3278 2170 3447 2233 facta
3479 2170 3738 2253 juveni,
3782 2169 3930 2233 fore
3970 2183 4044 2232 ut

2556 2275 2658 2338 avi
2697 2272 3037 2358 penatibus
3074 2272 3539 2335 restitueretur
3568 2271 3657 2354 h).
3715 2270 3911 2365 Quod
3953 2290 4042 2333 ne

2556 2375 2750 2438 fieret
2783 2373 2988 2440 verita
3012 2373 3229 2447 Livia,
3262 2371 3600 2436 medicatis
3631 2369 3882 2435 ficubus
3913 2393 4048 2434 ma-

2558 2474 2671 2560 riti
2722 2496 3100 2559 supremum
3152 2475 3325 2537 diem
3379 2474 3782 2536 accelerasse
3832 2474 4047 2537 refert

2560 2575 2691 2638 Dio
2735 2573 2808 2654 ἰ).
2884 2578 2988 2639 Eo
3031 2591 3291 2638 mortuo
3335 2573 3692 2657 Agrippam
3738 2572 4046 2637 Tiberius

2559 2674 2849 2738 nondum
2897 2676 3157 2760 vulgata
3196 2675 3397 2766 patris
3448 2687 3693 2751 morte,
3752 2686 3826 2736 ut
3865 2688 4048 2737 tanto

2561 2778 2767 2862 magis
2810 2798 3114 2841 securum
3149 2777 3587 2860 opprimeret,
3629 2796 3752 2858 per
3792 2773 4045 2859 adposi-

2561 2892 2697 2941 tum
2733 2877 3067 2943 custodiae
3105 2873 3555 2942 centurionem
3599 2875 3882 2939 interfici
3921 2866 4052 2959 jus-

2564 2980 2648 3043 sit
2678 2980 2770 3049 V.
2793 2980 2863 3043 C.
2897 2980 3023 3064 767
3056 2967 3225 3044 anno
3263 2981 3491 3044 aetatis
3524 2978 3758 3044 XXVI.
3792 2975 3884 3059 k).

3167 3181 3462 3248 Numi:

2579 3350 2944 3414 Comman’s
2973 3350 3264 3412 Romam·
3292 3369 3426 3413 non
3459 3360 3733 3415 exstant.

2576 3468 2941 3532 Commentis
2970 3471 3310 3549 peregrini
3342 3467 3473 3530 duo
3510 3466 3778 3552 cogniti.

2894 3584 3298 3651 AGRIPPA.
3346 3588 3712 3652 CAESAR.
3757 3586 4056 3652 COmN-

2898 3688 3072 3748 ΤΗΙ.
3125 3687 3339 3767 Caput
3359 3692 3707 3772 Agrippae
3739 3693 4003 3751 nudum.

2570 3787 2645 3853 C.
2677 3785 2924 3852 HEIO.
2957 3786 3353 3851 POLLION
3360 3790 3434 3850 E.
3470 3791 3703 3856 ΙΤΕΒ.
3741 3789 3815 3854 C.
3849 3790 4061 3858 MVS-

2570 3887 2833 3953 Slmo.
2903 3889 3242 3953 PRISCO.
3311 3892 3548 3954 11V1R.
3624 3895 3805 3952 iutra
3882 3867 4090 3953 coro-⁰

2571 4011 2727 4052 nam
2752 4008 2842 4053 ex
2872 3993 3049 4073 apio.
3081 3990 3402 4074 (Morelli,
3423 3990 3622 4058 Vaill.
3649 3992 3817 4056 Mus.
3844 3992 4066 4055 Theu-

2570 4090 2994 4278 Ροιῖςῐίρρα
3024 4193 3093 4254 in
3123 4192 3251 4264 hoc
3278 4212 3475 4256 numo
3508 4191 3874 4276 appellatur
3901 4195 4062 4258 Cae·

2574 4313 2715 4373 sar,
2776 4294 2953 4381 quod
3011 4315 3245 4358 revera
3298 4295 3367 4355 in
3411 4295 3707 4359 Caesaris
3747 4294 4053 4359 familiam

1047 4493 1109 4564 a)
1146 4491 1261 4546 Dio
1287 4485 1520 4548 L.Lrv.
1552 4490 1604 4559 §.
1622 4498 1716 4559 29.
1970 4481 2043 4551 b)
2079 4481 2343 4541 Velleius
2369 4482 2531 4543 1..11.
2565 4495 2762 4542 c-1oz.
2795 4494 2914 4545 103.
2952 4481 3117 4538 Suet.
3146 4481 3205 4539 in
3232 4483 3384 4557 Aug.
3417 4485 3574 4545 c.65.
3825 4486 3889 4551 c)
3927 4485 4058 4541 Dio.

976 4582 1046 4654 d)
1083 4582 1240 4637 Ann.
1266 4577 1310 4635 1.
1342 4587 1396 4642 3.
1650 4577 1712 4646 e)
1751 4572 1913 4629 Suet.
1948 4573 2009 4629 in
2033 4571 2188 4648 Aug.
2224 4591 2280 4628 c.
2297 4576 2388 4636 65.
2424 4572 2537 4632 Dio
2566 4572 2633 4631 L.
2651 4571 2790 4630 LV:
2804 4574 2853 4643 §.
2872 4582 2962 4634 32.
3208 4571 3264 4642 s)
3303 4571 3463 4629 Suet.
3495 4569 3536 4627 l.
3560 4588 3612 4628 c.
3649 4570 3763 4629 Dio
3798 4571 3837 4630 1.
3860 4591 3910 4630 c.
3949 4574 4062 4630 'ra-

977 4669 1075 4727 nit.
1103 4667 1263 4724 Anu.
1286 4664 1332 4722 1.
1363 4675 1416 4727 3.
1667 4665 1733 4740 g)
1768 4660 1920 4721 Plin.
1950 4661 2166 4720 1..v11.
2193 4664 2245 4732 §.
2266 4665 2358 4727 46.
2605 4659 2677 4732 h)
2713 4659 2901 4719 Tacit.
2925 4659 3078 4718 Ann-
3106 4657 3153 4717 1.
3187 4670 3310 4724 c.5.

972 4760 1041 4832 k)
1083 4758 1243 4818 Suet.
1274 4754 1338 4813 iu
1363 4750 1498 4812 Tib.
1528 4763 1687 4816 c.22.
1725 4752 1920 4814 Tacita
1941 4752 2095 4809 Ann.
2116 4750 2162 4811 1.
2196 4769 2248 4813 c.
2269 4753 2324 4815 6.

3558 4659 3611 4734 i)
3641 4661 3876 4724 1..1.v1.
3909 4666 4062 4740 §.sm
