4509 5584
1750 499 2163 575 GALBA.

3380 521 3521 601 291

419 708 495 752 ac
545 680 886 767 disciplina
926 673 1191 739 militari
1225 692 1356 736 nou
1390 671 1730 756 vulgarem
1768 669 1912 733 abs-
2023 667 2109 734 V.
2138 666 2212 732 C.
2251 666 2393 752 8439ρ
2421 664 2504 746 ὃ).
2570 665 2840 730 Causam
2880 689 3002 751 per
3040 690 3116 734 se
3155 669 3521 753 honestam,

417 787 604 862 tul-it,
680 804 758 847 ac
833 780 1116 863 denique
1194 775 1475 838 oblatam
1543 795 1581 836 a
1642 773 1908 835 Nerone

421 879 989 952 Tarraconensem
1043 876 1424 962 Hispaniam
1495 873 1669 937 varia
1740 872 1919 936 fama·

421 984 912 1074 administravit.
972 981 1308 1043 Excitatus
1352 998 1390 1038 a
1434 975 1711 1041 Vindice
1762 973 1914 1036 Gal-

420 1093 658 1156 liarum
716 1084 1049 1170 praeside,
1116 1095 1187 1143 ut
1228 1077 1577 1163 imperium
1620 1096 1742 1160 pro
1786 1075 1916 1137 Ne·

418 1213 587 1259 rone
628 1189 998 1273 acciperet,
1052 1176 1919 1266 repugnavittaliquamdiu,

419 1306 688 1359 actum·
721 1288 1002 1373 ‹lenique
1048 1281 1410 1358 consensit,
1472 1293 1622 1344 cum
1680 1297 1917 1342 necem

423 1394 552 1459 sibi
581 1416 618 1459 a
649 1395 921 1456 Nerone
968 1385 1184 1470 parari
1227 1381 1555 1444 intellexit
1596 1382 1675 1463 ⁸).
1730 1382 1914 1463 Ergo

361 1569 386 1576 ,
422 1514 786 1582 conscenso
839 1487 1148 1554 tribunali
1202 1483 1480 1547 militum
1535 1500 1701 1547 voce
1753 1480 1921 1556 salu-

421 1611 596 1663 tatus
639 1597 1001 1678 imperator
1043 1586 1305 1652 nonnisi
1345 1583 1634 1669 legatum
1688 1603 1760 1647 so
1816 1603 1918 1646 se-

420 1713 611 1763 natus
681 1692 1038 1781 populique
1099 1691 1183 1753 R.
1255 1684 1593 1771 professus
1664 1697 1766 1748 est
1823 1682 1915 1764 l³).

424 1803 783 1884 Comperto
803 1840 836 1876 ,.
904 1790 1252 1862 Vindicem
1307 1810 1360 1850 a·
1402 1785 1703 1874 Verginii
1762 1784 1917 1846 Rufi

424 1898 830 1967 Germaniae·
855 1892 1058 1980 legati
1103 1890 1308 1976 copiis
1355 1889 1598 1954 victum
1636 1900 1928 1950 mortem

426 2003 552 2070 sibi
582 1998 1013 2075 conscivisse,
1056 2014 1286 2080 parum
1327 1990 1585 2068 aberat,
1632 1989 1787 2074 quin
1829 1988 1923 2056 vi-

424 2119 536 2171 tae
578 2100 1037 2179 renunciaret3
1100 2095 1230 2159 sed.
1269 2112 1421 2155 mox
1469 2090 1721 2167 audito,
1777 2110 1938 2154 cae--

429 2227 574 2273 sum
609 2207 858 2268 Romae
891 2203 1261 2274 Neronem,
1309 2207 1376 2257 et
1409 2193 1796 2258 uuiversum·
1821 2211 1923 2255 se-

427 2321 650 2372 natum
707 2306 779 2366 in
836 2301 1039 2368 verba
1071 2321 1210 2362 sua
1243 2297 1557 2379 jurasse,
1636 2291 1925 2375 suscepit

436 2410 746 2475 Caesaris
774 2397 1279 2488 appellationem
1311 2399 1394 2481 ⁰).
1438 2397 1528 2463 Vt
1564 2394 1796 2458 urbem
1829 2393 1926 2455 in-

425 2530 702 2596 gressus
733 2520 867 2584 cst,
910 2503 1130 2587 coepit
1166 2499 1476 2565 continuo
1508 2495 1791 2582 flagi-are
1828 2496 1927 2557 in-

429 2611 644 2689 vidia,
717 2606 894 2695 quod
954 2603 1236 2669 atrocius
1295 2600 1380 2661 in.
1427 2599 1659 2663 noxios
1722 2596 1926 2661 saevi-

431 2727 571 2792 ret,
613 2726 682 2779 et
711 2707 1166 2791 intempestiva
1198 2700 1589 2787 parsimonia
1624 2698 1929 2784 supplen-

435 2811 523 2879 do
554 2811 806 2879 aerario
845 2807 1177 2886 studeret3
1211 2803 1780 2889 praetorianorum
1816 2820 1942 2865 ve·

436 2936 550 2994 ro,
603 2935 677 2980 ac
720 2911 998 2976 militum
1042 2907 1288 2971 animos
1330 2905 1524 2989 plane
1564 2925 1600 2965 a
1634 2922 1705 2965 se
1745 2922 1931 2965 aver·

436 3019 517 3081 tit
571 3028 811 3100 negato
833 3059 850 3091 ,
929 3008 1105 3095 quod
1163 3003 1514 3093 promeriti·
1567 3002 1691 3065 sibi
1750 3001 1947 3067 vido·-

385 3175 396 3184 .
436 3117 704 3194 bantur,
761 3113 1088 3178 donativo.
1147 3111 1352 3195 Ergo
1396 3104 1785 3172 Germaniae
1829 3124 1933 3166 su·

436 3219 722 3305 perioris
777 3215 968 3281 miles
1020 3212 1271 3297 primus
1328 3208 1712 3292 obsequium
1755 3226 1933 3268 rum-

437 3341 600 3408 pere
640 3332 741 3384 est
771 3338 996 3383 ausus»
1042 3312 1241 3406 Quod
1279 3332 1425 3376 cum
1467 3321 1645 3372 esset
1670 3307 1932 3370 nuncia-

437 3437 575 3490 tum
618 3420 904 3499 Galbae,
962 3417 1148 3499 isque
1194 3435 1267 3478 se
1311 3424 1755 3496 contemptum
1797 3430 1930 3472 non

437 3538 712 3613 propter
769 3542 847 3585 ea
900 3519 1093 3595 vitia,
1153 3515 1273 3579 sed
1330 3525 1776 3587 senectutem,
1837 3524 1929 3574 at·

439 3648 567 3713 que
614 3624 960 3690 orbitatem
1010 3617 1354 3695 crederet,
1409 3614 1719 3678 Pisonem
1762 3614 1931 3676 Fru-

440 3730 511 3813 gi
549 3725 995 3800 Licinianum,
1055 3719 1382 3794 nobilem,
1449 3716 1923 3802 egregiumque

441 3830 929 3896 adolescentem
985 3819 1315 3906 adoptavit
1359 3817 1468 3882 die
1521 3817 1600 3880 X.
1646 3815 1932 3882 Ianuarii

1766 4027 1810 4064 ff

437 4138 523 4303 ἓξ
723 4229 1046 4296 GALBA.
1087 4219 1652 4296 mPERATon,
1695 4218 1762 4279 in
1805 4219 1949 4283 AB.

440 4341 491 4403 c

2023 788 2240 853 neque
2274 767 2593 851 ingratam
2640 771 2888 853 populo
2938 772 3154 836 inuata
3203 773 3328 835 sibi
3377 797 3523 840 ava·-

2024 869 2176 931 ritia
2218 868 2534 952 corrupit.
2611 871 2773 932 Nam
2820 892 2981 936 cum·
3010 876 3351 960 proposito
3403 877 3525 939 mi·

2025 970 2248 1033 litibus
2279 967 2417 1034 filio
2452 969 2692 1034 Pisone
2723 993 2808 1036 ne
2841 986 2996 1036 tunc
3029 974 3290 1060 quidem
3310 1022 3328 1055 ,
3373 1000 3525 1044 cum

2029 1072 2316 1135 maxime-
2394 1085 2652 1156 tempus
2734 1076 3132 1157 postularet,
3236 1078 3528 1146 donativi

2030 1175 2429 1239 mentionem
2509 1175 2796 1252 faceret,
2892 1190 3166 1240 recente
3246 1180 3530 1246 militum

2031 1277 2185 1340 odio
2229 1274 2617 1359 tempestive
2652 1295 2806 1337 usus
2840 1277 3017 1340 Otho
3053 1299 3257 1363 aeger
3292 1283 3532 1361 auimo,

2033 1376 2209 1463 quod
2267 1391 2533 1461 praeter
2585 1394 2771 1458 spem
2824 1376 3021 1439 alium
3071 1402 3108 1444 a
3155 1380 3373 1446 Galba
3422 1384 3533 1447 ad..

2035 1490 2325 1560 optatum
2381 1477 2584 1570 vidit,
2660 1490 2845 1541 sexto
2902 1492 3052 1561 post
3112 1482 3533 1567 adoptionem

2016 1578 2144 1642 die
2189 1593 2400 1642 castra
2442 1573 2739 1662 occupat.
2799 1582 3147 1645 Conversis
3183 1583 3251 1644 in
3287 1604 3535 1662 novum

2030 1679 2401 1765 principem
2456 1679 2684 1743 animis
2740 1701 2895 1744 mox
2946 1680 3248 1747 desertus
3303 1707 3341 1748 a
3395 1685 3532 1750 suis

2034 1781 2242 1845 Galba
2302 1802 2427 1845 una
2483 1801 2653 1844 cum·
2685 1781 2826 1846 filio
2871 1783 3190 1849 occiditur
3233 1786 3343 1851 die
3386 1789 3533 1864 XV.

2036 1882 2315 1947 Ianuarii
2360 1883 2448 1952 V.
2491 1883 2568 1950 C.
2617 1884 2747 1947 aaa
2792 1885 2876 1969 ο).
2950 1885 3113 1969 Ejus
3165 1885 3498 1972 ingenium
3521 1934 3546 1968 ,-

2035 2007 2110 2050 ac
2150 1984 2442 2068 indolem
2485 1983 2862 2069 eleganter,
2916 2006 2993 2049 ac
3028 1988 3252 2070 paucis
3294 1987 3541 2053 descri-

2034 2086 2131 2151 bit
2164 2087 2428 2151 Tacitus
2471 2082 2547 2167 s).
2595 2086 2960 2151 Tradidere
3000 2088 3326 2172 plerique,
3363 2112 3543 2155 mor-

2037 2202 2220 2251 tuum
2266 2186 2539 2251 Galbam
2590 2187 2816 2251 aetatis
2870 2209 3039 2253 anno
3086 2189 3435 2272 Lxxn1.,·
3464 2207 3545 2273 „at

2039 2288 2310 2354 difficile
2372 2301 2506 2367 est,
2575 2288 2751 2353 hune
2813 2294 3129 2354 annorum
3186 2312 3542 2370 numerum

1983 2457 1992 2464 ,
2040 2391 2402 2468 conficere,
2457 2389 2513 2455 si
2555 2412 2785 2457 verum
2830 2405 2968 2469 est,
3024 2393 3201 2478 quod
3246 2413 3329 2457 ex
3375 2398 3538 2474 Sue-

1973 3979 2014 4018 ¹}

2038 2496 2221 2556 tonio
2274 2494 2669 2570 memoravi,
2742 2506 2964 2557 natum
3014 2494 3287 2558 Galbam
3337 2498 3422 2564 V.
3461 2499 3533 2574 C.

2039 2594 2158 2677 75¹
2186 2640 2204 2672 ,
2257 2594 2347 2658 de
2383 2593 2739 2677 quo-vide,
2784 2614 2950 2679 quae
2994 2596 3244 2661 notavit
3279 2598 3547 2666 Reima-

2041 2717 2168 2760 rus·
2191 2694 2274 2760 ad
2304 2693 2539 2788 Dionis
2570 2691 2650 2757 1..
2674 2695 2909 2767 LXIV.
2946 2700 2998 2774 §-
3030 2718 3056 2760 ι
3095 2709 3251 2762 nota
3272 2715 3337 2765 a.

2633 2930 2705 2995 IV
2717 2951 2848 2995 um
2863 2935 2930 2995 1⁶⁴.-

2172 3097 2264 3158 Hi
2316 3095 2853 3182 chronologicam
2904 3098 3180 3165 classem
3220 3120 3355 3164 nou
3408 3102 3545 3166 exie·

2047 3200 2574 3285 gunt,-quoniam
2609 3219 2838 3265 omnes
2874 3201 3043 3292 intra
3074 3216 3330 3290 septem
3360 3224 3547 3268 meu-

2046 3304 2216 3365 sium
2247 3301 2526 3385 spatium
2563 3300 2796 3387 signati
2829 3289 2995 3368 sunt‘·
3058 3307 3270 3390 Magis
3301 3318 3546 3382 tamen,

2046 3424 2239 3489 quam
2292 3423 2416 3488 pro
2471 3417 2599 3468 tam
2650 3417 2831 3467 arcto
2878 3419 3219 3490 tempore,
3290 3405 3549 3469 Galbae

2041 3504 2225 3567 numi
2270 3504 2338 3565 in
2373 3505 2552 3568 omni
2598 3507 2868 3572 metallo
2916 3507 3259 3573 abundant.
3335 3509 3544 3572 Prae·

2041 3607 2229 3686 mitto
2263 3619 2497 3691 partes
2519 3606 2799 3690 anticas;
2843 3620 2909 3672 at
2938 3630 3234 3689 aversas,
3282 3608 3339 3673 si
3376 3631 3549 3697 quae

2039 3708 2302 3771 nonnisi
2338 3706 2558 3786 obvia,
2605 3722 2670 3772 at
2700 3710 2851 3775 trita
2891 3710 3215 3793 offerunt,
3258 3712 3543 3782 brevita-

2040 3811 2126 3875 tis
2160 3830 2352 3875 oausa
2393 3810 2700 3877 omittere
2732 3811 2950 3896 juvat.-

2182 4022 2224 4061 ss·

725 4128 1047 4193 GALBA.
1092 4115 1944 4202 IMPERATWepigraphe
1978 4115 2227 4192 rarior,
2266 4112 2332 4174 in
2360 4112 2500 4173 AR.

728 4333 1046 4396 GALBA„
1091 4328 1273 4395 IMP.
1310 4321 1558 4389 (ΞΔ-ΕΘ.
1593 4318 1796 4391 AVG.
1836 4319 1978 4381 TR.
2012 4316 2087 4377 P.
2124 4312 2485 4399 epigraphe
2511 4310 2727 4378 rarior
2761 4309 2831 4375 in
2868 4309 3030 4380 ΑΕ.Γ
3047 4314 3126 4379 Π.
3186 4399 3193 4404 .

445 4497 3537 4544 w

515 4653 578 4723 a)
618 4648 779 4705 Suet.
814 4666 866 4704 c.
884 4657 937 4720 9.
1081 4640 1152 4716 b)
1193 4638 1355 4698 Suet.
1386 4655 1437 4695 c.
1459 4647 1542 4695 ιο.

444 4739 499 4814 f)
537 4737 752 4798 Hist.1.
781 4744 872 4825 42.

1684 4634 1746 4706 c)
1786 4632 1949 4691 Suet.
1983 4647 2035 4687 c.
2058 4643 2139 4691 ιι.

2282 4626 2353 4699 d)
2391 4627 2581 4686 Tacit.
2610 4625 2823 4688 Histi-
2856 4635 2941 4692 18.
3083 4628 3146 4701 e)
3181 4626 3222 4688 l.
3243 4647 3293 4686 c‘.
3320 4581 3391 4691 ΞΤ
3420 4647 3547 4707 seq,

2765 4806 2966 4873 Ooa
