<?xml version="1.0" encoding="UTF-8"?>
<!DOCTYPE html PUBLIC "-//W3C//DTD XHTML 1.0 Transitional//EN"
    "http://www.w3.org/TR/xhtml1/DTD/xhtml1-transitional.dtd">
<html xmlns="http://www.w3.org/1999/xhtml" xml:lang="en" lang="en">
 <head>
  <title>
</title>
<meta http-equiv="Content-Type" content="text/html;charset=utf-8" />
  <meta name='ocr-system' content='tesseract 3.04.00' />
  <meta name='ocr-capabilities' content='ocr_page ocr_carea ocr_par ocr_line ocrx_word'/>
</head>
<body>
  <div class='ocr_page' id='page_1' title='image "./doctrinanumorum00unkngoog_0199.png"; bbox 0 0 4509 5584; ppageno 0'>
   <div class='ocr_carea' id='block_1_1' title="bbox 1560 561 2268 683">
    <p class='ocr_par' dir='ltr' id='par_1_1' title="bbox 1560 561 2268 683">
     <span class='ocr_line' id='line_1_1' title="bbox 1560 561 2268 683; baseline -0.006 -46"><span class='ocrx_word' id='word_1_1' title='bbox 1560 565 1661 637; x_wconf 84' lang='lat' dir='ltr'><strong>M.</strong></span> <span class='ocrx_word' id='word_1_2' title='bbox 1725 561 2268 683; x_wconf 62' lang='lat' dir='ltr'><strong>AGRIPPA.</strong></span> 
     </span>
    </p>
   </div>
   <div class='ocr_carea' id='block_1_2' title="bbox 343 727 1867 3154">
    <p class='ocr_par' dir='ltr' id='par_1_2' title="bbox 343 727 1867 3154">
     <span class='ocr_line' id='line_1_2' title="bbox 364 727 1855 822; baseline -0.003 -21"><span class='ocrx_word' id='word_1_3' title='bbox 364 755 553 801; x_wconf 85' lang='lat' dir='ltr'><strong>mum·</strong></span> <span class='ocrx_word' id='word_1_4' title='bbox 607 735 812 822; x_wconf 83' lang='lat' dir='ltr'><strong>gessit</strong></span> <span class='ocrx_word' id='word_1_5' title='bbox 857 735 939 805; x_wconf 89' lang='lat' dir='ltr'><strong>V.</strong></span> <span class='ocrx_word' id='word_1_6' title='bbox 974 734 1059 799; x_wconf 70' lang='lat' dir='ltr'><strong>C.</strong></span> <span class='ocrx_word' id='word_1_7' title='bbox 1101 755 1251 819; x_wconf 84' lang='lat'><strong>7¹7·</strong></span> <span class='ocrx_word' id='word_1_8' title='bbox 1277 776 1297 812; x_wconf 86' lang='lat'>‚</span> <span class='ocrx_word' id='word_1_9' title='bbox 1353 727 1634 797; x_wconf 81' lang='lat' dir='ltr'><strong>alterum</strong></span> <span class='ocrx_word' id='word_1_10' title='bbox 1691 731 1855 816; x_wconf 82' lang='lat'><strong>726,</strong></span> 
     </span>
     <span class='ocr_line' id='line_1_3' title="bbox 363 834 1856 931; baseline -0.003 -29"><span class='ocrx_word' id='word_1_11' title='bbox 363 841 630 902; x_wconf 86' lang='lat' dir='ltr'><strong>tertium</strong></span> <span class='ocrx_word' id='word_1_12' title='bbox 684 858 836 922; x_wconf 76' lang='lat'><strong>727.</strong></span> <span class='ocrx_word' id='word_1_13' title='bbox 874 881 879 890; x_wconf 81' lang='lat'><strong>.</strong></span> <span class='ocrx_word' id='word_1_14' title='bbox 925 836 1099 931; x_wconf 80' lang='lat' dir='ltr'><strong>Quin</strong></span> <span class='ocrx_word' id='word_1_15' title='bbox 1151 849 1219 898; x_wconf 88' lang='lat' dir='ltr'><strong>et</strong></span> <span class='ocrx_word' id='word_1_16' title='bbox 1267 855 1435 898; x_wconf 89' lang='lat' dir='ltr'><strong>anno</strong></span> <span class='ocrx_word' id='word_1_17' title='bbox 1488 835 1682 904; x_wconf 43' lang='lat' dir='ltr'><strong>V.1C.</strong></span> <span class='ocrx_word' id='word_1_18' title='bbox 1729 834 1856 917; x_wconf 78' lang='lat'><strong>733</strong></span> 
     </span>
     <span class='ocr_line' id='line_1_4' title="bbox 366 935 1861 1026; baseline -0.005 -23"><span class='ocrx_word' id='word_1_19' title='bbox 366 955 704 1026; x_wconf 77' lang='lat' dir='ltr'><strong>generum·</strong></span> <span class='ocrx_word' id='word_1_20' title='bbox 738 940 862 1002; x_wconf 88' lang='lat' dir='ltr'><strong>sibi</strong></span> <span class='ocrx_word' id='word_1_21' title='bbox 914 946 1246 1022; x_wconf 82' lang='lat' dir='ltr'><strong>Augustus</strong></span> <span class='ocrx_word' id='word_1_22' title='bbox 1284 937 1554 1001; x_wconf 79' lang='lat' dir='ltr'>adscivit</span> <span class='ocrx_word' id='word_1_23' title='bbox 1600 937 1744 999; x_wconf 80' lang='lat' dir='ltr'><strong>data</strong></span> <span class='ocrx_word' id='word_1_24' title='bbox 1794 935 1861 999; x_wconf 83' lang='lat' dir='ltr'><strong>ei</strong></span> 
     </span>
     <span class='ocr_line' id='line_1_5' title="bbox 365 1035 1864 1105; baseline -0.004 -2"><span class='ocrx_word' id='word_1_25' title='bbox 365 1043 433 1103; x_wconf 91' lang='lat' dir='ltr'><strong>in</strong></span> <span class='ocrx_word' id='word_1_26' title='bbox 511 1042 993 1105; x_wconf 82' lang='lat' dir='ltr'><strong>matrimonium</strong></span> <span class='ocrx_word' id='word_1_27' title='bbox 1093 1039 1254 1101; x_wconf 79' lang='lat' dir='ltr'><strong>filia.</strong></span> <span class='ocrx_word' id='word_1_28' title='bbox 1307 1038 1471 1101; x_wconf 91' lang='lat' dir='ltr'><strong>Iulia</strong></span> <span class='ocrx_word' id='word_1_29' title='bbox 1542 1035 1864 1099; x_wconf 71' lang='lat' dir='ltr'><strong>inde·›ab</strong></span> 
     </span>
     <span class='ocr_line' id='line_1_6' title="bbox 368 1137 1863 1223; baseline -0.005 -16"><span class='ocrx_word' id='word_1_30' title='bbox 368 1165 538 1207; x_wconf 88' lang='lat' dir='ltr'><strong>anno</strong></span> <span class='ocrx_word' id='word_1_31' title='bbox 581 1143 699 1223; x_wconf 81' lang='lat'><strong>73¹</strong></span> <span class='ocrx_word' id='word_1_32' title='bbox 751 1147 843 1209; x_wconf 88' lang='lat' dir='ltr'><strong>M.</strong></span> <span class='ocrx_word' id='word_1_33' title='bbox 893 1140 1194 1210; x_wconf 79' lang='lat' dir='ltr'>Marcelli</span> <span class='ocrx_word' id='word_1_34' title='bbox 1252 1138 1478 1217; x_wconf 78' lang='lat' dir='ltr'><strong>vidua,</strong></span> <span class='ocrx_word' id='word_1_35' title='bbox 1548 1137 1863 1202; x_wconf 82' lang='lat' dir='ltr'><strong>suadente</strong></span> 
     </span>
     <span class='ocr_line' id='line_1_7' title="bbox 362 1241 1864 1323; baseline -0.002 -16"><span class='ocrx_word' id='word_1_36' title='bbox 362 1243 539 1308; x_wconf 87' lang='lat' dir='ltr'><strong>istud</strong></span> <span class='ocrx_word' id='word_1_37' title='bbox 572 1248 954 1309; x_wconf 81' lang='lat' dir='ltr'>Maecenate</span> <span class='ocrx_word' id='word_1_38' title='bbox 996 1243 1096 1306; x_wconf 78' lang='lat' dir='ltr'><strong>liis</strong></span> <span class='ocrx_word' id='word_1_39' title='bbox 1136 1241 1407 1307; x_wconf 72' lang='lat' dir='ltr'><strong>verbist.</strong></span> <span class='ocrx_word' id='word_1_40' title='bbox 1435 1254 1698 1323; x_wconf 56' lang='lat' dir='ltr'><strong>tantum</strong></span> <span class='ocrx_word' id='word_1_41' title='bbox 1722 1242 1864 1319; x_wconf 82' lang='lat' dir='ltr'><strong>jam</strong></span> 
     </span>
     <span class='ocr_line' id='line_1_8' title="bbox 367 1343 1867 1431; baseline -0.005 -22"><span class='ocrx_word' id='word_1_42' title='bbox 367 1347 744 1429; x_wconf 82' lang='lat' dir='ltr'><strong>Agrippam</strong></span> <span class='ocrx_word' id='word_1_43' title='bbox 789 1349 1035 1431; x_wconf 79' lang='lat' dir='ltr'><strong>fecisti</strong></span> <span class='ocrx_word' id='word_1_44' title='bbox 1053 1390 1073 1422; x_wconf 89' lang='lat'><strong>‚</strong></span> <span class='ocrx_word' id='word_1_45' title='bbox 1140 1357 1216 1406; x_wconf 82' lang='lat' dir='ltr'><strong>ut</strong></span> <span class='ocrx_word' id='word_1_46' title='bbox 1285 1343 1395 1406; x_wconf 77' lang='lat' dir='ltr'><strong>vel</strong></span> <span class='ocrx_word' id='word_1_47' title='bbox 1444 1361 1651 1423; x_wconf 80' lang='lat' dir='ltr'><strong>gener</strong></span> <span class='ocrx_word' id='word_1_48' title='bbox 1708 1354 1867 1402; x_wconf 82' lang='lat' dir='ltr'><strong>tuus</strong></span> 
     </span>
     <span class='ocr_line' id='line_1_9' title="bbox 343 1431 1862 1532; baseline -0.005 -22"><span class='ocrx_word' id='word_1_49' title='bbox 343 1446 541 1532; x_wconf 62' lang='lat' dir='ltr'><strong>fiat,</strong></span> <span class='ocrx_word' id='word_1_50' title='bbox 568 1431 679 1510; x_wconf 69' lang='lat' dir='ltr'><strong>&#39;vel</strong></span> <span class='ocrx_word' id='word_1_51' title='bbox 720 1451 1065 1510; x_wconf 75' lang='lat' dir='ltr'><strong>occidatur</strong></span> <span class='ocrx_word' id='word_1_52' title='bbox 1098 1465 1359 1506; x_wconf 77' lang='lat' dir='ltr'><strong>necesse</strong></span> <span class='ocrx_word' id='word_1_53' title='bbox 1386 1446 1480 1505; x_wconf 80' lang='lat' dir='ltr'><strong>sit</strong></span> <span class='ocrx_word' id='word_1_54' title='bbox 1522 1443 1605 1524; x_wconf 74' lang='lat'><strong>¹).</strong></span> <span class='ocrx_word' id='word_1_55' title='bbox 1667 1442 1750 1509; x_wconf 92' lang='lat' dir='ltr'><strong>V.</strong></span> <span class='ocrx_word' id='word_1_56' title='bbox 1788 1441 1862 1503; x_wconf 87' lang='lat' dir='ltr'><strong>C.</strong></span> 
     </span>
     <span class='ocr_line' id='line_1_10' title="bbox 365 1539 1862 1632; baseline -0.007 -21"><span class='ocrx_word' id='word_1_57' title='bbox 365 1547 493 1632; x_wconf 76' lang='lat'><strong>736</strong></span> <span class='ocrx_word' id='word_1_58' title='bbox 524 1546 934 1611; x_wconf 80' lang='lat' dir='ltr'><strong>tribuniciam</strong></span> <span class='ocrx_word' id='word_1_59' title='bbox 967 1546 1041 1610; x_wconf 88' lang='lat' dir='ltr'><strong>ei·</strong></span> <span class='ocrx_word' id='word_1_60' title='bbox 1064 1557 1451 1630; x_wconf 85' lang='lat' dir='ltr'><strong>potestatem</strong></span> <span class='ocrx_word' id='word_1_61' title='bbox 1486 1540 1762 1605; x_wconf 85' lang='lat' dir='ltr'><strong>contulit</strong></span> <span class='ocrx_word' id='word_1_62' title='bbox 1795 1539 1862 1622; x_wconf 73' lang='lat'><strong>1»)</strong></span> 
     </span>
     <span class='ocr_line' id='line_1_11' title="bbox 368 1643 1866 1730; baseline -0.007 -17"><span class='ocrx_word' id='word_1_63' title='bbox 368 1648 643 1713; x_wconf 80' lang='lat' dir='ltr'><strong>subinde</strong></span> <span class='ocrx_word' id='word_1_64' title='bbox 702 1651 785 1715; x_wconf 87' lang='lat' dir='ltr'><strong>V.</strong></span> <span class='ocrx_word' id='word_1_65' title='bbox 838 1648 911 1712; x_wconf 93' lang='lat' dir='ltr'><strong>C.</strong></span> <span class='ocrx_word' id='word_1_66' title='bbox 967 1657 1083 1730; x_wconf 76' lang='lat'><strong>74¹</strong></span> <span class='ocrx_word' id='word_1_67' title='bbox 1147 1646 1213 1707; x_wconf 89' lang='lat' dir='ltr'><strong>in</strong></span> <span class='ocrx_word' id='word_1_68' title='bbox 1282 1643 1458 1707; x_wconf 88' lang='lat' dir='ltr'><strong>aliud</strong></span> <span class='ocrx_word' id='word_1_69' title='bbox 1506 1644 1866 1728; x_wconf 87' lang='lat' dir='ltr'><strong>quinquen·</strong></span> 
     </span>
     <span class='ocr_line' id='line_1_12' title="bbox 364 1743 1862 1835; baseline -0.005 -22"><span class='ocrx_word' id='word_1_70' title='bbox 364 1751 543 1814; x_wconf 75' lang='lat' dir='ltr'><strong>nium</strong></span> <span class='ocrx_word' id='word_1_71' title='bbox 571 1762 986 1835; x_wconf 68' lang='lat' dir='ltr'><strong>prorogatam</strong></span> <span class='ocrx_word' id='word_1_72' title='bbox 1033 1754 1113 1830; x_wconf 78' lang='lat'><strong>0).</strong></span> <span class='ocrx_word' id='word_1_73' title='bbox 1156 1750 1348 1809; x_wconf 86' lang='lat' dir='ltr'><strong>Anno</strong></span> <span class='ocrx_word' id='word_1_74' title='bbox 1386 1746 1649 1807; x_wconf 88' lang='lat' dir='ltr'><strong>demum</strong></span> <span class='ocrx_word' id='word_1_75' title='bbox 1682 1747 1763 1812; x_wconf 87' lang='lat' dir='ltr'><strong>V.</strong></span> <span class='ocrx_word' id='word_1_76' title='bbox 1791 1743 1862 1806; x_wconf 94' lang='lat' dir='ltr'><strong>C.</strong></span> 
     </span>
     <span class='ocr_line' id='line_1_13' title="bbox 363 1845 1864 1931; baseline -0.005 -16"><span class='ocrx_word' id='word_1_77' title='bbox 363 1864 489 1931; x_wconf 70' lang='lat'><strong>742</strong></span> <span class='ocrx_word' id='word_1_78' title='bbox 538 1852 750 1916; x_wconf 79' lang='lat' dir='ltr'><strong>redux</strong></span> <span class='ocrx_word' id='word_1_79' title='bbox 795 1874 832 1916; x_wconf 90' lang='lat' dir='ltr'><strong>e</strong></span> <span class='ocrx_word' id='word_1_80' title='bbox 882 1848 1445 1915; x_wconf 80' lang='lat' dir='ltr'><strong>bello-adversum</strong></span> <span class='ocrx_word' id='word_1_81' title='bbox 1492 1845 1864 1909; x_wconf 84' lang='lat' dir='ltr'><strong>Pannonios</strong></span> 
     </span>
     <span class='ocr_line' id='line_1_14' title="bbox 363 1950 1861 2039; baseline -0.005 -20"><span class='ocrx_word' id='word_1_82' title='bbox 363 1953 802 2039; x_wconf 83' lang='lat' dir='ltr'><strong>inCampauia</strong></span> <span class='ocrx_word' id='word_1_83' title='bbox 830 1953 1064 2016; x_wconf 89' lang='lat' dir='ltr'><strong>morbo</strong></span> <span class='ocrx_word' id='word_1_84' title='bbox 1107 1950 1462 2013; x_wconf 74' lang='lat' dir='ltr'><strong>exstinctus</strong></span> <span class='ocrx_word' id='word_1_85' title='bbox 1497 1962 1599 2011; x_wconf 83' lang='lat' dir='ltr'><strong>est</strong></span> <span class='ocrx_word' id='word_1_86' title='bbox 1634 1966 1861 2011; x_wconf 89' lang='lat' dir='ltr'><strong>mense</strong></span> 
     </span>
     <span class='ocr_line' id='line_1_15' title="bbox 365 2048 1865 2138; baseline -0.007 -17"><span class='ocrx_word' id='word_1_87' title='bbox 365 2057 605 2121; x_wconf 74' lang='lat' dir='ltr'><strong>Martio</strong></span> <span class='ocrx_word' id='word_1_88' title='bbox 640 2059 937 2138; x_wconf 82' lang='lat' dir='ltr'><strong>Augusto</strong></span> <span class='ocrx_word' id='word_1_89' title='bbox 970 2056 1220 2116; x_wconf 81' lang='lat' dir='ltr'><strong>Romae</strong></span> <span class='ocrx_word' id='word_1_90' title='bbox 1256 2048 1681 2135; x_wconf 76' lang='lat' dir='ltr'><strong>quinquatrus</strong></span> <span class='ocrx_word' id='word_1_91' title='bbox 1715 2071 1865 2133; x_wconf 90' lang='lat' dir='ltr'><strong>per-</strong></span> 
     </span>
     <span class='ocr_line' id='line_1_16' title="bbox 365 2141 1863 2244; baseline -0.008 -21"><span class='ocrx_word' id='word_1_92' title='bbox 365 2141 604 2244; x_wconf 72' lang='lat' dir='ltr'><strong>agente</strong></span> <span class='ocrx_word' id='word_1_93' title='bbox 654 2155 741 2240; x_wconf 80' lang='lat' dir='ltr'><strong>d).</strong></span> <span class='ocrx_word' id='word_1_94' title='bbox 811 2157 935 2223; x_wconf 91' lang='lat' dir='ltr'><strong>Vir</strong></span> <span class='ocrx_word' id='word_1_95' title='bbox 963 2153 1086 2218; x_wconf 85' lang='lat' dir='ltr'><strong>fuit</strong></span> <span class='ocrx_word' id='word_1_96' title='bbox 1119 2155 1295 2215; x_wconf 86' lang='lat' dir='ltr'><strong>inter</strong></span> <span class='ocrx_word' id='word_1_97' title='bbox 1342 2172 1663 2228; x_wconf 87' lang='lat' dir='ltr'><strong>summos,</strong></span> <span class='ocrx_word' id='word_1_98' title='bbox 1699 2170 1863 2235; x_wconf 88' lang='lat' dir='ltr'><strong>quos</strong></span> 
     </span>
     <span class='ocr_line' id='line_1_17' title="bbox 369 2251 1863 2344; baseline -0.008 -19"><span class='ocrx_word' id='word_1_99' title='bbox 369 2257 549 2325; x_wconf 83' lang='lat' dir='ltr'><strong>orbis</strong></span> <span class='ocrx_word' id='word_1_100' title='bbox 585 2259 1107 2344; x_wconf 72' lang='lat' dir='ltr'><strong>unquam-tulit,</strong></span> <span class='ocrx_word' id='word_1_101' title='bbox 1142 2251 1619 2329; x_wconf 85' lang='lat' dir='ltr'><strong>numerandus,</strong></span> <span class='ocrx_word' id='word_1_102' title='bbox 1673 2271 1863 2336; x_wconf 90' lang='lat' dir='ltr'><strong>quam</strong></span> 
     </span>
     <span class='ocr_line' id='line_1_18' title="bbox 362 2356 1865 2441; baseline -0.007 -17"><span class='ocrx_word' id='word_1_103' title='bbox 362 2361 630 2426; x_wconf 79' lang='lat' dir='ltr'><strong>lau&#39;dem</strong></span> <span class='ocrx_word' id='word_1_104' title='bbox 688 2361 835 2441; x_wconf 81' lang='lat' dir='ltr'><strong>jure</strong></span> <span class='ocrx_word' id='word_1_105' title='bbox 881 2357 1006 2421; x_wconf 86' lang='lat' dir='ltr'><strong>sibi</strong></span> <span class='ocrx_word' id='word_1_106' title='bbox 1064 2356 1360 2421; x_wconf 85' lang='lat' dir='ltr'><strong>vindicat·</strong></span> <span class='ocrx_word' id='word_1_107' title='bbox 1399 2363 1865 2436; x_wconf 78' lang='lat' dir='ltr'><strong>cum-propter</strong></span> 
     </span>
     <span class='ocr_line' id='line_1_19' title="bbox 364 2456 1862 2544; baseline -0.007 -17"><span class='ocrx_word' id='word_1_108' title='bbox 364 2484 479 2527; x_wconf 84' lang='lat' dir='ltr'><strong>res</strong></span> <span class='ocrx_word' id='word_1_109' title='bbox 511 2463 694 2526; x_wconf 88' lang='lat' dir='ltr'><strong>bello</strong></span> <span class='ocrx_word' id='word_1_110' title='bbox 732 2483 807 2525; x_wconf 87' lang='lat' dir='ltr'><strong>ae</strong></span> <span class='ocrx_word' id='word_1_111' title='bbox 853 2480 1014 2544; x_wconf 85' lang='lat' dir='ltr'><strong>pace</strong></span> <span class='ocrx_word' id='word_1_112' title='bbox 1053 2456 1574 2543; x_wconf 72' lang='lat' dir='ltr'><strong>praeclarissime</strong></span> <span class='ocrx_word' id='word_1_113' title='bbox 1608 2468 1862 2538; x_wconf 85' lang='lat' dir='ltr'><strong>gestas,</strong></span> 
     </span>
     <span class='ocr_line' id='line_1_20' title="bbox 366 2555 1863 2649; baseline -0.009 -21"><span class='ocrx_word' id='word_1_114' title='bbox 366 2578 510 2628; x_wconf 81' lang='lat' dir='ltr'><strong>tum</strong></span> <span class='ocrx_word' id='word_1_115' title='bbox 562 2562 738 2649; x_wconf 92' lang='lat' dir='ltr'><strong>quod</strong></span> <span class='ocrx_word' id='word_1_116' title='bbox 804 2582 951 2625; x_wconf 89' lang='lat' dir='ltr'><strong>cum</strong></span> <span class='ocrx_word' id='word_1_117' title='bbox 999 2560 1120 2623; x_wconf 88' lang='lat' dir='ltr'><strong>hac</strong></span> <span class='ocrx_word' id='word_1_118' title='bbox 1162 2560 1357 2623; x_wconf 88' lang='lat' dir='ltr'><strong>laude</strong></span> <span class='ocrx_word' id='word_1_119' title='bbox 1403 2555 1863 2620; x_wconf 82' lang='lat' dir='ltr'><strong>incredibilem</strong></span> 
     </span>
     <span class='ocr_line' id='line_1_21' title="bbox 368 2658 1863 2739; baseline -0.007 -10"><span class='ocrx_word' id='word_1_120' title='bbox 368 2666 921 2739; x_wconf 81' lang='lat' dir='ltr'><strong>moderationem,</strong></span> <span class='ocrx_word' id='word_1_121' title='bbox 990 2683 1142 2724; x_wconf 80' lang='lat' dir='ltr'><strong>r-aro</strong></span> <span class='ocrx_word' id='word_1_122' title='bbox 1201 2661 1285 2722; x_wconf 72' lang='lat' dir='ltr'><strong>in.</strong></span> <span class='ocrx_word' id='word_1_123' title='bbox 1324 2658 1592 2722; x_wconf 90' lang='lat' dir='ltr'><strong>homine</strong></span> <span class='ocrx_word' id='word_1_124' title='bbox 1646 2665 1863 2719; x_wconf 73' lang='lat' dir='ltr'><strong>tantae</strong></span> 
     </span>
     <span class='ocr_line' id='line_1_22' title="bbox 369 2755 1864 2848; baseline -0.009 -16"><span class='ocrx_word' id='word_1_125' title='bbox 369 2768 669 2832; x_wconf 73' lang='lat' dir='ltr'><strong>fortunae</strong></span> <span class='ocrx_word' id='word_1_126' title='bbox 745 2763 1084 2848; x_wconf 82' lang='lat' dir='ltr'><strong>exemplo,</strong></span> <span class='ocrx_word' id='word_1_127' title='bbox 1168 2760 1542 2846; x_wconf 82' lang='lat' dir='ltr'><strong>conjunxit,</strong></span> <span class='ocrx_word' id='word_1_128' title='bbox 1623 2771 1722 2834; x_wconf 89' lang='lat' dir='ltr'><strong>et,</strong></span> <span class='ocrx_word' id='word_1_129' title='bbox 1809 2755 1864 2820; x_wconf 87' lang='lat' dir='ltr'><strong>si</strong></span> 
     </span>
     <span class='ocr_line' id='line_1_23' title="bbox 369 2861 1861 2953; baseline -0.007 -21"><span class='ocrx_word' id='word_1_130' title='bbox 369 2868 662 2953; x_wconf 80' lang='lat' dir='ltr'><strong>Agrippa</strong></span> <span class='ocrx_word' id='word_1_131' title='bbox 734 2867 947 2930; x_wconf 86' lang='lat' dir='ltr'><strong>miuus</strong></span> <span class='ocrx_word' id='word_1_132' title='bbox 1008 2878 1109 2928; x_wconf 86' lang='lat' dir='ltr'><strong>est</strong></span> <span class='ocrx_word' id='word_1_133' title='bbox 1171 2864 1239 2925; x_wconf 88' lang='lat' dir='ltr'><strong>in</strong></span> <span class='ocrx_word' id='word_1_134' title='bbox 1300 2882 1419 2925; x_wconf 90' lang='lat' dir='ltr'><strong>ore</strong></span> <span class='ocrx_word' id='word_1_135' title='bbox 1491 2861 1861 2936; x_wconf 89' lang='lat' dir='ltr'><strong>hominum,</strong></span> 
     </span>
     <span class='ocr_line' id='line_1_24' title="bbox 370 2959 1864 3056; baseline -0.008 -23"><span class='ocrx_word' id='word_1_136' title='bbox 370 2991 564 3056; x_wconf 84' lang='lat' dir='ltr'><strong>quam</strong></span> <span class='ocrx_word' id='word_1_137' title='bbox 609 2981 780 3032; x_wconf 87' lang='lat' dir='ltr'><strong>tanta</strong></span> <span class='ocrx_word' id='word_1_138' title='bbox 823 2968 1027 3033; x_wconf 83' lang='lat' dir='ltr'><strong>virtus</strong></span> <span class='ocrx_word' id='word_1_139' title='bbox 1076 2965 1416 3032; x_wconf 82' lang='lat' dir='ltr'><strong>videbatur</strong></span> <span class='ocrx_word' id='word_1_140' title='bbox 1462 2959 1864 3048; x_wconf 83' lang='lat' dir='ltr'><strong>promereri,</strong></span> 
     </span>
     <span class='ocr_line' id='line_1_25' title="bbox 365 3063 1867 3154; baseline -0.006 -20"><span class='ocrx_word' id='word_1_141' title='bbox 365 3072 438 3134; x_wconf 84' lang='lat' dir='ltr'><strong>in</strong></span> <span class='ocrx_word' id='word_1_142' title='bbox 476 3092 665 3135; x_wconf 84' lang='lat' dir='ltr'><strong>causa</strong></span> <span class='ocrx_word' id='word_1_143' title='bbox 701 3083 836 3147; x_wconf 85' lang='lat' dir='ltr'><strong>est,</strong></span> <span class='ocrx_word' id='word_1_144' title='bbox 884 3069 1059 3154; x_wconf 91' lang='lat' dir='ltr'><strong>quod</strong></span> <span class='ocrx_word' id='word_1_145' title='bbox 1103 3088 1328 3131; x_wconf 88' lang='lat' dir='ltr'><strong>rerum</strong></span> <span class='ocrx_word' id='word_1_146' title='bbox 1365 3078 1691 3149; x_wconf 84' lang='lat' dir='ltr'><strong>gestarum</strong></span> <span class='ocrx_word' id='word_1_147' title='bbox 1724 3063 1867 3146; x_wconf 86' lang='lat' dir='ltr'><strong>glo·</strong></span> 
     </span>
    </p>
   </div>
   <div class='ocr_carea' id='block_1_3' title="bbox 364 3168 1887 3254">
    <p class='ocr_par' dir='ltr' id='par_1_3' title="bbox 364 3168 1887 3254">
     <span class='ocr_line' id='line_1_26' title="bbox 364 3168 1887 3254; baseline -0.008 -16"><span class='ocrx_word' id='word_1_148' title='bbox 364 3173 535 3248; x_wconf 78' lang='lat' dir='ltr'><strong>riam</strong></span> <span class='ocrx_word' id='word_1_149' title='bbox 575 3171 782 3254; x_wconf 82' lang='lat' dir='ltr'><strong>magis</strong></span> <span class='ocrx_word' id='word_1_150' title='bbox 836 3170 1062 3236; x_wconf 72' lang='lat' dir='ltr'><strong>virtuti</strong></span> <span class='ocrx_word' id='word_1_151' title='bbox 1102 3168 1415 3252; x_wconf 80' lang='lat' dir='ltr'><strong>Augusti,</strong></span> <span class='ocrx_word' id='word_1_152' title='bbox 1473 3187 1662 3251; x_wconf 86' lang='lat' dir='ltr'><strong>quam</strong></span> <span class='ocrx_word' id='word_1_153' title='bbox 1711 3184 1887 3239; x_wconf 58' lang='lat' dir='ltr'><strong>suae,</strong></span> 
     </span>
    </p>
   </div>
   <div class='ocr_carea' id='block_1_4' title="bbox 350 3268 1870 4496">
    <p class='ocr_par' dir='ltr' id='par_1_4' title="bbox 350 3268 1870 4496">
     <span class='ocr_line' id='line_1_27' title="bbox 364 3268 1867 3339; baseline -0.007 0"><span class='ocrx_word' id='word_1_154' title='bbox 364 3273 780 3339; x_wconf 78' lang='lat' dir='ltr'><strong>tribuendam</strong></span> <span class='ocrx_word' id='word_1_155' title='bbox 860 3271 1047 3336; x_wconf 88' lang='lat' dir='ltr'><strong>credi</strong></span> <span class='ocrx_word' id='word_1_156' title='bbox 1106 3271 1335 3337; x_wconf 83' lang='lat' dir='ltr'><strong>voluit.</strong></span> <span class='ocrx_word' id='word_1_157' title='bbox 1421 3268 1527 3331; x_wconf 79' lang='lat' dir='ltr'><strong>Ad</strong></span> <span class='ocrx_word' id='word_1_158' title='bbox 1578 3268 1867 3331; x_wconf 81' lang='lat' dir='ltr'><strong>honores</strong></span> 
     </span>
     <span class='ocr_line' id='line_1_28' title="bbox 364 3364 1869 3452; baseline -0.009 -10"><span class='ocrx_word' id='word_1_159' title='bbox 364 3364 500 3443; x_wconf 72' lang='lat' dir='ltr'><strong>no&#39;n</strong></span> <span class='ocrx_word' id='word_1_160' title='bbox 524 3421 529 3429; x_wconf 90' lang='lat'>-</span> <span class='ocrx_word' id='word_1_161' title='bbox 553 3375 865 3452; x_wconf 83' lang='lat' dir='ltr'><strong>accessit,</strong></span> <span class='ocrx_word' id='word_1_162' title='bbox 913 3373 1040 3436; x_wconf 80' lang='lat' dir='ltr'><strong>nisi</strong></span> <span class='ocrx_word' id='word_1_163' title='bbox 1073 3372 1158 3436; x_wconf 85' lang='lat' dir='ltr'><strong>ad</strong></span> <span class='ocrx_word' id='word_1_164' title='bbox 1193 3393 1308 3438; x_wconf 87' lang='lat' dir='ltr'><strong>eos</strong></span> <span class='ocrx_word' id='word_1_165' title='bbox 1343 3384 1650 3447; x_wconf 79' lang='lat' dir='ltr'><strong>vocatus,</strong></span> <span class='ocrx_word' id='word_1_166' title='bbox 1704 3368 1869 3431; x_wconf 85' lang='lat' dir='ltr'><strong>mul-</strong></span> 
     </span>
     <span class='ocr_line' id='line_1_29' title="bbox 366 3470 1867 3564; baseline -0.005 -22"><span class='ocrx_word' id='word_1_167' title='bbox 366 3493 603 3564; x_wconf 88' lang='lat' dir='ltr'><strong>tosque</strong></span> <span class='ocrx_word' id='word_1_168' title='bbox 659 3478 835 3540; x_wconf 79' lang='lat' dir='ltr'><strong>ultre</strong></span> <span class='ocrx_word' id='word_1_169' title='bbox 893 3476 1181 3551; x_wconf 85' lang='lat' dir='ltr'><strong>oblatos,</strong></span> <span class='ocrx_word' id='word_1_170' title='bbox 1257 3487 1330 3537; x_wconf 87' lang='lat' dir='ltr'><strong>ut</strong></span> <span class='ocrx_word' id='word_1_171' title='bbox 1379 3470 1745 3556; x_wconf 85' lang='lat' dir='ltr'><strong>triumphos</strong></span> <span class='ocrx_word' id='word_1_172' title='bbox 1788 3489 1867 3534; x_wconf 88' lang='lat' dir='ltr'><strong>ac</strong></span> 
     </span>
     <span class='ocr_line' id='line_1_30' title="bbox 364 3573 1869 3663; baseline -0.007 -17"><span class='ocrx_word' id='word_1_173' title='bbox 364 3582 632 3660; x_wconf 74' lang='lat' dir='ltr'><strong>titulos,</strong></span> <span class='ocrx_word' id='word_1_174' title='bbox 679 3593 978 3663; x_wconf 86' lang='lat' dir='ltr'><strong>tauquam</strong></span> <span class='ocrx_word' id='word_1_175' title='bbox 1024 3597 1158 3640; x_wconf 89' lang='lat' dir='ltr'><strong>non</strong></span> <span class='ocrx_word' id='word_1_176' title='bbox 1184 3575 1371 3653; x_wconf 62' lang='lat' dir='ltr'><strong>sibi,</strong></span> <span class='ocrx_word' id='word_1_177' title='bbox 1431 3573 1550 3639; x_wconf 90' lang='lat' dir='ltr'><strong>sed</strong></span> <span class='ocrx_word' id='word_1_178' title='bbox 1588 3573 1702 3636; x_wconf 90' lang='lat' dir='ltr'><strong>uni</strong></span> <span class='ocrx_word' id='word_1_179' title='bbox 1736 3573 1869 3636; x_wconf 80' lang='lat' dir='ltr'><strong>Au-</strong></span> 
     </span>
     <span class='ocr_line' id='line_1_31' title="bbox 369 3676 1868 3767; baseline -0.005 -21"><span class='ocrx_word' id='word_1_180' title='bbox 369 3696 562 3767; x_wconf 84' lang='lat' dir='ltr'><strong>gusto</strong></span> <span class='ocrx_word' id='word_1_181' title='bbox 608 3680 899 3758; x_wconf 70' lang='lat' dir='ltr'><strong>debitos,</strong></span> <span class='ocrx_word' id='word_1_182' title='bbox 945 3678 1289 3744; x_wconf 81' lang='lat' dir='ltr'><strong>recusavit.</strong></span> <span class='ocrx_word' id='word_1_183' title='bbox 1365 3678 1583 3761; x_wconf 80' lang='lat' dir='ltr'><strong>Atque</strong></span> <span class='ocrx_word' id='word_1_184' title='bbox 1622 3696 1699 3740; x_wconf 91' lang='lat' dir='ltr'><strong>ea</strong></span> <span class='ocrx_word' id='word_1_185' title='bbox 1728 3676 1868 3762; x_wconf 89' lang='lat' dir='ltr'><strong>qui·</strong></span> 
     </span>
     <span class='ocr_line' id='line_1_32' title="bbox 367 3777 1870 3862; baseline -0.007 -14"><span class='ocrx_word' id='word_1_186' title='bbox 367 3783 525 3848; x_wconf 84' lang='lat' dir='ltr'><strong>dem</strong></span> <span class='ocrx_word' id='word_1_187' title='bbox 575 3783 897 3847; x_wconf 87' lang='lat' dir='ltr'><strong>modestia</strong></span> <span class='ocrx_word' id='word_1_188' title='bbox 935 3803 1068 3845; x_wconf 87' lang='lat' dir='ltr'><strong>non</strong></span> <span class='ocrx_word' id='word_1_189' title='bbox 1122 3781 1333 3847; x_wconf 83' lang='lat' dir='ltr'><strong>solum</strong></span> <span class='ocrx_word' id='word_1_190' title='bbox 1368 3800 1599 3846; x_wconf 79' lang='lat' dir='ltr'><strong>versus</strong></span> <span class='ocrx_word' id='word_1_191' title='bbox 1629 3777 1870 3862; x_wconf 81' lang='lat' dir='ltr'><strong>princi-&#39;-</strong></span> 
     </span>
     <span class='ocr_line' id='line_1_33' title="bbox 366 3882 1867 3971; baseline -0.003 -20"><span class='ocrx_word' id='word_1_192' title='bbox 366 3907 559 3971; x_wconf 86' lang='lat' dir='ltr'><strong>pem,</strong></span> <span class='ocrx_word' id='word_1_193' title='bbox 599 3886 714 3950; x_wconf 89' lang='lat' dir='ltr'><strong>sed</strong></span> <span class='ocrx_word' id='word_1_194' title='bbox 771 3886 912 3970; x_wconf 89' lang='lat' dir='ltr'><strong>ejus</strong></span> <span class='ocrx_word' id='word_1_195' title='bbox 961 3885 1157 3947; x_wconf 84' lang='lat' dir='ltr'><strong>etiam</strong></span> <span class='ocrx_word' id='word_1_196' title='bbox 1212 3882 1480 3947; x_wconf 87' lang='lat' dir='ltr'><strong>domum</strong></span> <span class='ocrx_word' id='word_1_197' title='bbox 1523 3882 1667 3946; x_wconf 79' lang='lat' dir='ltr'><strong>fuit.</strong></span> <span class='ocrx_word' id='word_1_198' title='bbox 1754 3882 1867 3946; x_wconf 69' lang='lat' dir='ltr'><strong>Sn-</strong></span> 
     </span>
     <span class='ocr_line' id='line_1_34' title="bbox 363 3982 1868 4072; baseline -0.007 -17"><span class='ocrx_word' id='word_1_199' title='bbox 363 4010 454 4054; x_wconf 68' lang='grc' dir='ltr'><strong>ιο</strong></span> <span class='ocrx_word' id='word_1_200' title='bbox 496 4009 649 4054; x_wconf 85' lang='lat' dir='ltr'><strong>cum</strong></span> <span class='ocrx_word' id='word_1_201' title='bbox 687 3989 1044 4072; x_wconf 79' lang='lat' dir='ltr'><strong>Augustus·</strong></span> <span class='ocrx_word' id='word_1_202' title='bbox 1064 3987 1146 4055; x_wconf 87' lang='lat' dir='ltr'><strong>V.</strong></span> <span class='ocrx_word' id='word_1_203' title='bbox 1175 3986 1249 4050; x_wconf 87' lang='lat' dir='ltr'><strong>C.</strong></span> <span class='ocrx_word' id='word_1_204' title='bbox 1293 3985 1376 4068; x_wconf 82' lang='lat'><strong>73</strong></span> <span class='ocrx_word' id='word_1_205' title='bbox 1390 4006 1431 4045; x_wconf 59' lang='grc' dir='ltr'><strong>ιἼ</strong></span> <span class='ocrx_word' id='word_1_206' title='bbox 1459 3983 1646 4067; x_wconf 72' lang='lat' dir='ltr'><strong>gravi</strong></span> <span class='ocrx_word' id='word_1_207' title='bbox 1693 3982 1868 4046; x_wconf 70' lang='lat' dir='ltr'><strong>vale-</strong></span> 
     </span>
     <span class='ocr_line' id='line_1_35' title="bbox 367 4083 1868 4169; baseline -0.007 -13"><span class='ocrx_word' id='word_1_208' title='bbox 367 4091 597 4156; x_wconf 82' lang='lat' dir='ltr'><strong>tudine</strong></span> <span class='ocrx_word' id='word_1_209' title='bbox 628 4090 711 4155; x_wconf 84' lang='lat' dir='ltr'><strong>ad</strong></span> <span class='ocrx_word' id='word_1_210' title='bbox 742 4087 1043 4155; x_wconf 72' lang='lat' dir='ltr'><strong>extrema</strong></span> <span class='ocrx_word' id='word_1_211' title='bbox 1064 4088 1382 4152; x_wconf 78' lang='lat' dir='ltr'><strong>deductus</strong></span> <span class='ocrx_word' id='word_1_212' title='bbox 1412 4083 1868 4169; x_wconf 77' lang='lat' dir='ltr'><strong>suum.Agrip-</strong></span> 
     </span>
     <span class='ocr_line' id='line_1_36' title="bbox 365 4185 1867 4279; baseline -0.007 -20"><span class='ocrx_word' id='word_1_213' title='bbox 365 4215 492 4279; x_wconf 71' lang='lat' dir='ltr'><strong>pse</strong></span> <span class='ocrx_word' id='word_1_214' title='bbox 554 4194 863 4257; x_wconf 82' lang='lat' dir='ltr'><strong>annulum</strong></span> <span class='ocrx_word' id='word_1_215' title='bbox 920 4185 1363 4267; x_wconf 63' lang='lat' dir='ltr'><strong>tradidisset,</strong></span> <span class='ocrx_word' id='word_1_216' title='bbox 1409 4206 1690 4271; x_wconf 87' lang='lat' dir='ltr'><strong>eumque</strong></span> <span class='ocrx_word' id='word_1_217' title='bbox 1749 4186 1867 4249; x_wconf 89' lang='lat' dir='ltr'><strong>ho·</strong></span> 
     </span>
     <span class='ocr_line' id='line_1_37' title="bbox 364 4287 1863 4381; baseline -0.004 -23"><span class='ocrx_word' id='word_1_218' title='bbox 364 4315 602 4361; x_wconf 79' lang='lat' dir='ltr'><strong>norem</strong></span> <span class='ocrx_word' id='word_1_219' title='bbox 642 4309 950 4381; x_wconf 78' lang='lat' dir='ltr'><strong>tanquam</strong></span> <span class='ocrx_word' id='word_1_220' title='bbox 1003 4294 1133 4358; x_wconf 88' lang='lat' dir='ltr'><strong>sibi</strong></span> <span class='ocrx_word' id='word_1_221' title='bbox 1177 4291 1468 4357; x_wconf 89' lang='lat' dir='ltr'><strong>debitum</strong></span> <span class='ocrx_word' id='word_1_222' title='bbox 1508 4287 1863 4353; x_wconf 80' lang='lat' dir='ltr'><strong>Marcellus</strong></span> 
     </span>
     <span class='ocr_line' id='line_1_38' title="bbox 350 4395 1863 4496; baseline -0.007 -31"><span class='ocrx_word' id='word_1_223' title='bbox 350 4400 731 4480; x_wconf 78' lang='lat' dir='ltr'><strong>invideret,</strong></span> <span class='ocrx_word' id='word_1_224' title='bbox 783 4400 928 4484; x_wconf 88' lang='lat' dir='ltr'><strong>ipse</strong></span> <span class='ocrx_word' id='word_1_225' title='bbox 977 4409 1287 4496; x_wconf 70' lang='lat' dir='ltr'><strong>recreato</strong></span> <span class='ocrx_word' id='word_1_226' title='bbox 1327 4415 1483 4460; x_wconf 83' lang='lat' dir='ltr'><strong>mox</strong></span> <span class='ocrx_word' id='word_1_227' title='bbox 1527 4395 1863 4478; x_wconf 80' lang='lat' dir='ltr'><strong>Augusto,</strong></span> 
     </span>
    </p>
   </div>
   <div class='ocr_carea' id='block_1_5' title="bbox 3325 569 3466 651">
    <p class='ocr_par' dir='ltr' id='par_1_5' title="bbox 3325 569 3466 651">
     <span class='ocr_line' id='line_1_39' title="bbox 3325 569 3466 651; baseline 0.043 -6"><span class='ocrx_word' id='word_1_228' title='bbox 3325 569 3466 651; x_wconf 75' lang='lat'><strong>163</strong></span> 
     </span>
    </p>
   </div>
   <div class='ocr_carea' id='block_1_6' title="bbox 1970 727 3564 2854">
    <p class='ocr_par' dir='ltr' id='par_1_6' title="bbox 1970 727 3564 2854">
     <span class='ocr_line' id='line_1_40' title="bbox 1971 727 3468 821; baseline 0.003 -26"><span class='ocrx_word' id='word_1_229' title='bbox 1971 746 2044 795; x_wconf 90' lang='lat' dir='ltr'><strong>ut</strong></span> <span class='ocrx_word' id='word_1_230' title='bbox 2086 751 2347 795; x_wconf 84' lang='lat' dir='ltr'><strong>omnem</strong></span> <span class='ocrx_word' id='word_1_231' title='bbox 2384 727 2607 816; x_wconf 79' lang='lat' dir='ltr'><strong>juveni</strong></span> <span class='ocrx_word' id='word_1_232' title='bbox 2640 727 2924 797; x_wconf 81' lang='lat' dir='ltr'><strong>affectati</strong></span> <span class='ocrx_word' id='word_1_233' title='bbox 2962 729 3225 817; x_wconf 86' lang='lat' dir='ltr'><strong>imperii</strong></span> <span class='ocrx_word' id='word_1_234' title='bbox 3260 736 3468 821; x_wconf 77' lang='lat' dir='ltr'><strong>suspi-</strong></span> 
     </span>
     <span class='ocr_line' id='line_1_41' title="bbox 1970 833 3464 922; baseline 0.003 -25"><span class='ocrx_word' id='word_1_235' title='bbox 1970 835 2228 897; x_wconf 86' lang='lat' dir='ltr'><strong>cionem</strong></span> <span class='ocrx_word' id='word_1_236' title='bbox 2261 833 2616 911; x_wconf 85' lang='lat' dir='ltr'><strong>adimeret,</strong></span> <span class='ocrx_word' id='word_1_237' title='bbox 2656 833 2723 895; x_wconf 92' lang='lat' dir='ltr'><strong>in</strong></span> <span class='ocrx_word' id='word_1_238' title='bbox 2749 833 2975 896; x_wconf 78' lang='lat' dir='ltr'><strong>Asiam</strong></span> <span class='ocrx_word' id='word_1_239' title='bbox 3015 838 3341 920; x_wconf 70' lang='lat' dir='ltr'><strong>concessit</strong></span> <span class='ocrx_word' id='word_1_240' title='bbox 3383 841 3464 922; x_wconf 77' lang='lat' dir='ltr'><strong>e),</strong></span> 
     </span>
     <span class='ocr_line' id='line_1_42' title="bbox 1976 935 3473 1023; baseline 0.005 -26"><span class='ocrx_word' id='word_1_241' title='bbox 1976 935 2160 999; x_wconf 85' lang='lat' dir='ltr'><strong>Nihil</strong></span> <span class='ocrx_word' id='word_1_242' title='bbox 2217 956 2379 999; x_wconf 84' lang='lat' dir='ltr'><strong>vero</strong></span> <span class='ocrx_word' id='word_1_243' title='bbox 2436 935 2644 1019; x_wconf 84' lang='lat' dir='ltr'><strong>magis</strong></span> <span class='ocrx_word' id='word_1_244' title='bbox 2700 935 3062 1014; x_wconf 86' lang='lat' dir='ltr'><strong>admirere,</strong></span> <span class='ocrx_word' id='word_1_245' title='bbox 3124 960 3473 1023; x_wconf 43' lang='lat' dir='ltr'><strong>quamxae·</strong></span> 
     </span>
     <span class='ocr_line' id='line_1_43' title="bbox 1979 1036 3470 1122; baseline 0.003 -23"><span class='ocrx_word' id='word_1_246' title='bbox 1979 1036 2305 1122; x_wconf 87' lang='lat' dir='ltr'><strong>quabilem</strong></span> <span class='ocrx_word' id='word_1_247' title='bbox 2338 1038 2500 1121; x_wconf 70' lang='lat' dir='ltr'><strong>ejus,</strong></span> <span class='ocrx_word' id='word_1_248' title='bbox 2539 1059 2613 1101; x_wconf 89' lang='lat' dir='ltr'><strong>ac</strong></span> <span class='ocrx_word' id='word_1_249' title='bbox 2650 1052 2971 1122; x_wconf 83' lang='lat' dir='ltr'><strong>perpetuo</strong></span> <span class='ocrx_word' id='word_1_250' title='bbox 3008 1040 3133 1102; x_wconf 87' lang='lat' dir='ltr'><strong>sibi</strong></span> <span class='ocrx_word' id='word_1_251' title='bbox 3172 1055 3470 1106; x_wconf 88' lang='lat' dir='ltr'><strong>constan·</strong></span> 
     </span>
     <span class='ocr_line' id='line_1_44' title="bbox 1978 1139 3471 1225; baseline 0.002 -22"><span class='ocrx_word' id='word_1_252' title='bbox 1978 1153 2114 1204; x_wconf 80' lang='lat' dir='ltr'><strong>tem</strong></span> <span class='ocrx_word' id='word_1_253' title='bbox 2154 1140 2492 1225; x_wconf 74' lang='lat' dir='ltr'><strong>propositi</strong></span> <span class='ocrx_word' id='word_1_254' title='bbox 2549 1139 2889 1206; x_wconf 88' lang='lat' dir='ltr'><strong>rationem.</strong></span> <span class='ocrx_word' id='word_1_255' title='bbox 2991 1142 3156 1204; x_wconf 89' lang='lat' dir='ltr'><strong>Nam</strong></span> <span class='ocrx_word' id='word_1_256' title='bbox 3222 1163 3374 1206; x_wconf 85' lang='lat' dir='ltr'><strong>cum</strong></span> <span class='ocrx_word' id='word_1_257' title='bbox 3432 1164 3471 1206; x_wconf 88' lang='lat' dir='ltr'><strong>a</strong></span> 
     </span>
     <span class='ocr_line' id='line_1_45' title="bbox 1977 1241 3478 1331; baseline 0.003 -26"><span class='ocrx_word' id='word_1_258' title='bbox 1977 1255 2229 1305; x_wconf 78' lang='lat' dir='ltr'><strong>tenero·</strong></span> <span class='ocrx_word' id='word_1_259' title='bbox 2284 1241 2720 1319; x_wconf 86' lang='lat' dir='ltr'><strong>instituisset,-</strong></span> <span class='ocrx_word' id='word_1_260' title='bbox 2778 1261 2971 1306; x_wconf 89' lang='lat' dir='ltr'><strong>omne</strong></span> <span class='ocrx_word' id='word_1_261' title='bbox 3046 1263 3232 1307; x_wconf 87' lang='lat' dir='ltr'><strong>suum</strong></span> <span class='ocrx_word' id='word_1_262' title='bbox 3290 1244 3478 1331; x_wconf 75' lang='lat' dir='ltr'><strong>inge·</strong></span> 
     </span>
     <span class='ocr_line' id='line_1_46' title="bbox 1977 1341 3564 1431; baseline 0.004 -28"><span class='ocrx_word' id='word_1_263' title='bbox 1977 1343 2158 1405; x_wconf 81' lang='lat' dir='ltr'><strong>nium</strong></span> <span class='ocrx_word' id='word_1_264' title='bbox 2189 1363 2264 1406; x_wconf 87' lang='lat' dir='ltr'><strong>ac</strong></span> <span class='ocrx_word' id='word_1_265' title='bbox 2298 1343 2476 1406; x_wconf 77' lang='lat' dir='ltr'><strong>vires</strong></span> <span class='ocrx_word' id='word_1_266' title='bbox 2502 1341 2582 1406; x_wconf 92' lang='lat' dir='ltr'><strong>ad</strong></span> <span class='ocrx_word' id='word_1_267' title='bbox 2625 1364 2822 1405; x_wconf 87' lang='lat' dir='ltr'><strong>unum</strong></span> <span class='ocrx_word' id='word_1_268' title='bbox 2862 1345 3219 1408; x_wconf 85' lang='lat' dir='ltr'><strong>ornandum</strong></span> <span class='ocrx_word' id='word_1_269' title='bbox 3250 1346 3470 1431; x_wconf 79' lang='lat' dir='ltr'><strong>Augu-</strong></span> <span class='ocrx_word' id='word_1_270' title='bbox 3547 1406 3564 1430; x_wconf 60' lang='grc'><em>,</em></span> 
     </span>
     <span class='ocr_line' id='line_1_47' title="bbox 1979 1443 3477 1534; baseline 0.002 -27"><span class='ocrx_word' id='word_1_271' title='bbox 1979 1457 2148 1508; x_wconf 68' lang='lat' dir='ltr'><strong>stam</strong></span> <span class='ocrx_word' id='word_1_272' title='bbox 2205 1443 2553 1521; x_wconf 83' lang='lat' dir='ltr'><strong>conferre,</strong></span> <span class='ocrx_word' id='word_1_273' title='bbox 2599 1446 2662 1506; x_wconf 90' lang='lat' dir='ltr'><strong>in</strong></span> <span class='ocrx_word' id='word_1_274' title='bbox 2703 1465 2787 1507; x_wconf 90' lang='lat' dir='ltr'><strong>eo</strong></span> <span class='ocrx_word' id='word_1_275' title='bbox 2821 1447 3096 1511; x_wconf 84' lang='lat' dir='ltr'><strong>consilio</strong></span> <span class='ocrx_word' id='word_1_276' title='bbox 3141 1468 3350 1534; x_wconf 79' lang='lat' dir='ltr'><strong>usque</strong></span> <span class='ocrx_word' id='word_1_277' title='bbox 3391 1445 3477 1512; x_wconf 89' lang='lat' dir='ltr'><strong>ad</strong></span> 
     </span>
     <span class='ocr_line' id='line_1_48' title="bbox 1977 1545 3475 1635; baseline 0.001 -24"><span class='ocrx_word' id='word_1_278' title='bbox 1977 1547 2150 1612; x_wconf 80' lang='lat' dir='ltr'><strong>vitae</strong></span> <span class='ocrx_word' id='word_1_279' title='bbox 2190 1545 2388 1610; x_wconf 83' lang='lat' dir='ltr'><strong>finem</strong></span> <span class='ocrx_word' id='word_1_280' title='bbox 2437 1547 2946 1630; x_wconf 80' lang='lat' dir='ltr'><strong>perseveravit‚-</strong></span> <span class='ocrx_word' id='word_1_281' title='bbox 2979 1562 3047 1611; x_wconf 83' lang='lat' dir='ltr'><strong>et</strong></span> <span class='ocrx_word' id='word_1_282' title='bbox 3105 1549 3178 1611; x_wconf 80' lang='lat' dir='ltr'><strong>si·</strong></span> <span class='ocrx_word' id='word_1_283' title='bbox 3215 1547 3475 1635; x_wconf 88' lang='lat' dir='ltr'><strong>quando</strong></span> 
     </span>
     <span class='ocr_line' id='line_1_49' title="bbox 1978 1647 3476 1732; baseline 0.002 -22"><span class='ocrx_word' id='word_1_284' title='bbox 1978 1648 2086 1712; x_wconf 81' lang='lat' dir='ltr'><strong>hic</strong></span> <span class='ocrx_word' id='word_1_285' title='bbox 2122 1647 2263 1731; x_wconf 83' lang='lat' dir='ltr'><strong>ejus</strong></span> <span class='ocrx_word' id='word_1_286' title='bbox 2293 1648 2583 1710; x_wconf 74' lang='lat' dir='ltr'><strong>consiliis</strong></span> <span class='ocrx_word' id='word_1_287' title='bbox 2601 1669 2748 1710; x_wconf 80' lang='lat' dir='ltr'><strong>non</strong></span> <span class='ocrx_word' id='word_1_288' title='bbox 2777 1648 3299 1732; x_wconf 83' lang='lat' dir='ltr'><strong>obtemperaret,</strong></span> <span class='ocrx_word' id='word_1_289' title='bbox 3339 1665 3476 1716; x_wconf 86' lang='lat' dir='ltr'><strong>tan·</strong></span> 
     </span>
     <span class='ocr_line' id='line_1_50' title="bbox 1978 1749 3475 1830; baseline 0.001 -17"><span class='ocrx_word' id='word_1_290' title='bbox 1978 1764 2115 1813; x_wconf 84' lang='lat' dir='ltr'><strong>tum</strong></span> <span class='ocrx_word' id='word_1_291' title='bbox 2174 1750 2414 1825; x_wconf 85' lang='lat' dir='ltr'><strong>abfuit,</strong></span> <span class='ocrx_word' id='word_1_292' title='bbox 2491 1763 2564 1812; x_wconf 79' lang='lat' dir='ltr'><strong>st</strong></span> <span class='ocrx_word' id='word_1_293' title='bbox 2606 1751 2889 1813; x_wconf 78' lang='lat' dir='ltr'><strong>animum</strong></span> <span class='ocrx_word' id='word_1_294' title='bbox 2934 1751 3330 1830; x_wconf 72' lang='lat' dir='ltr'><strong>obstinat-et,</strong></span> <span class='ocrx_word' id='word_1_295' title='bbox 3405 1749 3475 1816; x_wconf 77' lang='lat' dir='ltr'><strong>ut</strong></span> 
     </span>
     <span class='ocr_line' id='line_1_51' title="bbox 1980 1851 3475 1934; baseline 0.003 -19"><span class='ocrx_word' id='word_1_296' title='bbox 1980 1851 2176 1915; x_wconf 89' lang='lat' dir='ltr'><strong>etiam</strong></span> <span class='ocrx_word' id='word_1_297' title='bbox 2233 1855 2601 1934; x_wconf 79' lang='lat' dir='ltr'><strong>Augustum</strong></span> <span class='ocrx_word' id='word_1_298' title='bbox 2680 1853 2884 1916; x_wconf 88' lang='lat' dir='ltr'><strong>multo</strong></span> <span class='ocrx_word' id='word_1_299' title='bbox 2951 1854 3075 1916; x_wconf 88' lang='lat' dir='ltr'><strong>alia</strong></span> <span class='ocrx_word' id='word_1_300' title='bbox 3143 1856 3475 1919; x_wconf 73' lang='lat' dir='ltr'><strong>volentem</strong></span> 
     </span>
     <span class='ocr_line' id='line_1_52' title="bbox 1979 1952 3476 2040; baseline 0.001 -22"><span class='ocrx_word' id='word_1_301' title='bbox 1979 1953 2287 2040; x_wconf 83' lang='lat' dir='ltr'><strong>egregie,</strong></span> <span class='ocrx_word' id='word_1_302' title='bbox 2335 1952 2729 2017; x_wconf 65' lang='lat' dir='ltr'><strong>aci-fideliter</strong></span> <span class='ocrx_word' id='word_1_303' title='bbox 2764 1954 3118 2037; x_wconf 79' lang='lat' dir='ltr'><strong>adjuvaret.</strong></span> <span class='ocrx_word' id='word_1_304' title='bbox 3184 1956 3295 2019; x_wconf 87' lang='lat' dir='ltr'><strong>Sic</strong></span> <span class='ocrx_word' id='word_1_305' title='bbox 3327 1976 3476 2019; x_wconf 88' lang='lat' dir='ltr'><strong>cum</strong></span> 
     </span>
     <span class='ocr_line' id='line_1_53' title="bbox 1976 2054 3477 2142; baseline 0.003 -25"><span class='ocrx_word' id='word_1_306' title='bbox 1976 2055 2031 2119; x_wconf 84' lang='lat' dir='ltr'><strong>is</strong></span> <span class='ocrx_word' id='word_1_307' title='bbox 2089 2056 2172 2123; x_wconf 97' lang='lat' dir='ltr'><strong>V.</strong></span> <span class='ocrx_word' id='word_1_308' title='bbox 2221 2056 2296 2118; x_wconf 90' lang='lat' dir='ltr'><strong>C.</strong></span> <span class='ocrx_word' id='word_1_309' title='bbox 2370 2058 2495 2136; x_wconf 71' lang='lat'><strong>7²5</strong></span> <span class='ocrx_word' id='word_1_310' title='bbox 2569 2055 2789 2119; x_wconf 85' lang='lat' dir='ltr'><strong>bellis·</strong></span> <span class='ocrx_word' id='word_1_311' title='bbox 2833 2054 3134 2119; x_wconf 79' lang='lat' dir='ltr'><strong>civilibus</strong></span> <span class='ocrx_word' id='word_1_312' title='bbox 3212 2059 3477 2142; x_wconf 88' lang='lat' dir='ltr'><strong>penitus</strong></span> 
     </span>
     <span class='ocr_line' id='line_1_54' title="bbox 1976 2154 3476 2243; baseline 0.003 -24"><span class='ocrx_word' id='word_1_313' title='bbox 1976 2154 2340 2242; x_wconf 85' lang='lat' dir='ltr'><strong>profligatis</strong></span> <span class='ocrx_word' id='word_1_314' title='bbox 2402 2169 2631 2220; x_wconf 82' lang='lat' dir='ltr'><strong>auctor</strong></span> <span class='ocrx_word' id='word_1_315' title='bbox 2690 2157 2970 2243; x_wconf 90' lang='lat' dir='ltr'><strong>principi</strong></span> <span class='ocrx_word' id='word_1_316' title='bbox 3029 2158 3476 2223; x_wconf 78' lang='lat' dir='ltr'><strong>restituendae</strong></span> 
     </span>
     <span class='ocr_line' id='line_1_55' title="bbox 1977 2257 3472 2343; baseline 0.002 -22"><span class='ocrx_word' id='word_1_317' title='bbox 1977 2259 2145 2343; x_wconf 87' lang='lat' dir='ltr'><strong>reip.</strong></span> <span class='ocrx_word' id='word_1_318' title='bbox 2191 2270 2402 2335; x_wconf 82' lang='lat' dir='ltr'><strong>esset,</strong></span> <span class='ocrx_word' id='word_1_319' title='bbox 2468 2257 2602 2321; x_wconf 83' lang='lat' dir='ltr'><strong>sed·</strong></span> <span class='ocrx_word' id='word_1_320' title='bbox 2649 2259 2757 2323; x_wconf 87' lang='lat' dir='ltr'><strong>hic</strong></span> <span class='ocrx_word' id='word_1_321' title='bbox 2800 2260 3199 2325; x_wconf 79' lang='lat' dir='ltr'><strong>Maecenatis</strong></span> <span class='ocrx_word' id='word_1_322' title='bbox 3258 2262 3472 2325; x_wconf 86' lang='lat' dir='ltr'><strong>consi·</strong></span> 
     </span>
     <span class='ocr_line' id='line_1_56' title="bbox 1976 2359 3476 2448; baseline 0.002 -26"><span class='ocrx_word' id='word_1_323' title='bbox 1976 2361 2138 2422; x_wconf 85' lang='lat' dir='ltr'><strong>lium</strong></span> <span class='ocrx_word' id='word_1_324' title='bbox 2190 2373 2454 2424; x_wconf 74' lang='lat' dir='ltr'><strong>secutus</strong></span> <span class='ocrx_word' id='word_1_325' title='bbox 2499 2359 2931 2444; x_wconf 86' lang='lat' dir='ltr'><strong>principatum</strong></span> <span class='ocrx_word' id='word_1_326' title='bbox 2984 2360 3279 2427; x_wconf 89' lang='lat' dir='ltr'><strong>retinere</strong></span> <span class='ocrx_word' id='word_1_327' title='bbox 3326 2379 3476 2448; x_wconf 88' lang='lat' dir='ltr'><strong>per·</strong></span> 
     </span>
     <span class='ocr_line' id='line_1_57' title="bbox 1980 2460 3473 2548; baseline 0.003 -24"><span class='ocrx_word' id='word_1_328' title='bbox 1980 2475 2209 2546; x_wconf 82' lang='lat' dir='ltr'><strong>geret,</strong></span> <span class='ocrx_word' id='word_1_329' title='bbox 2252 2483 2386 2524; x_wconf 85' lang='lat' dir='ltr'><strong>non</strong></span> <span class='ocrx_word' id='word_1_330' title='bbox 2423 2460 2620 2524; x_wconf 86' lang='lat' dir='ltr'><strong>modo</strong></span> <span class='ocrx_word' id='word_1_331' title='bbox 2660 2460 2882 2548; x_wconf 85' lang='lat' dir='ltr'><strong>inique</strong></span> <span class='ocrx_word' id='word_1_332' title='bbox 2924 2484 3054 2528; x_wconf 89' lang='lat' dir='ltr'><strong>non</strong></span> <span class='ocrx_word' id='word_1_333' title='bbox 3106 2466 3252 2528; x_wconf 88' lang='lat' dir='ltr'><strong>tulit</strong></span> <span class='ocrx_word' id='word_1_334' title='bbox 3292 2486 3473 2529; x_wconf 84' lang='lat' dir='ltr'><strong>suam</strong></span> 
     </span>
     <span class='ocr_line' id='line_1_58' title="bbox 1976 2560 3476 2640; baseline 0.004 -17"><span class='ocrx_word' id='word_1_335' title='bbox 1976 2560 2255 2624; x_wconf 82' lang='lat' dir='ltr'><strong>fastidiri</strong></span> <span class='ocrx_word' id='word_1_336' title='bbox 2310 2563 2733 2640; x_wconf 85' lang='lat' dir='ltr'><strong>sententiam,</strong></span> <span class='ocrx_word' id='word_1_337' title='bbox 2794 2587 3021 2629; x_wconf 80' lang='lat' dir='ltr'><strong>verum</strong></span> <span class='ocrx_word' id='word_1_338' title='bbox 3081 2568 3277 2631; x_wconf 81' lang='lat' dir='ltr'><strong>etiam</strong></span> <span class='ocrx_word' id='word_1_339' title='bbox 3322 2587 3476 2632; x_wconf 89' lang='lat' dir='ltr'><strong>con-</strong></span> 
     </span>
     <span class='ocr_line' id='line_1_59' title="bbox 1977 2664 3487 2754; baseline 0.003 -26"><span class='ocrx_word' id='word_1_340' title='bbox 1977 2682 2173 2728; x_wconf 77' lang='lat' dir='ltr'><strong>verso</strong></span> <span class='ocrx_word' id='word_1_341' title='bbox 2201 2664 2513 2743; x_wconf 82' lang='lat' dir='ltr'><strong>consilio,</strong></span> <span class='ocrx_word' id='word_1_342' title='bbox 2568 2666 2884 2751; x_wconf 87' lang='lat' dir='ltr'><strong>quidquid</strong></span> <span class='ocrx_word' id='word_1_343' title='bbox 2911 2668 2977 2729; x_wconf 89' lang='lat' dir='ltr'><strong>in</strong></span> <span class='ocrx_word' id='word_1_344' title='bbox 3018 2688 3089 2731; x_wconf 88' lang='lat' dir='ltr'><strong>se</strong></span> <span class='ocrx_word' id='word_1_345' title='bbox 3125 2683 3267 2733; x_wconf 87' lang='lat' dir='ltr'><strong>erat</strong></span> <span class='ocrx_word' id='word_1_346' title='bbox 3302 2670 3446 2754; x_wconf 87' lang='lat' dir='ltr'><strong>opis</strong></span> <span class='ocrx_word' id='word_1_347' title='bbox 3468 2716 3487 2745; x_wconf 90' lang='lat'><strong>,</strong></span> 
     </span>
     <span class='ocr_line' id='line_1_60' title="bbox 1979 2763 3478 2854; baseline 0.005 -29"><span class='ocrx_word' id='word_1_348' title='bbox 1979 2763 2061 2826; x_wconf 89' lang='lat' dir='ltr'><strong>ad</strong></span> <span class='ocrx_word' id='word_1_349' title='bbox 2135 2764 2597 2829; x_wconf 85' lang='lat' dir='ltr'><strong>stabiliendum</strong></span> <span class='ocrx_word' id='word_1_350' title='bbox 2660 2768 2992 2854; x_wconf 79' lang='lat' dir='ltr'><strong>Augusto,</strong></span> <span class='ocrx_word' id='word_1_351' title='bbox 3065 2784 3132 2832; x_wconf 88' lang='lat' dir='ltr'><strong>et</strong></span> <span class='ocrx_word' id='word_1_352' title='bbox 3210 2768 3478 2833; x_wconf 89' lang='lat' dir='ltr'><strong>admini-</strong></span> 
     </span>
    </p>
   </div>
   <div class='ocr_carea' id='block_1_7' title="bbox 1933 2864 3475 2955">
    <p class='ocr_par' dir='ltr' id='par_1_7' title="bbox 1933 2864 3475 2955">
     <span class='ocr_line' id='line_1_61' title="bbox 1933 2864 3475 2955; baseline 0.004 -27"><span class='ocrx_word' id='word_1_353' title='bbox 1933 2864 2311 2928; x_wconf 80' lang='lat' dir='ltr'><strong>-strandum</strong></span> <span class='ocrx_word' id='word_1_354' title='bbox 2386 2879 2610 2931; x_wconf 85' lang='lat' dir='ltr'><strong>sancte</strong></span> <span class='ocrx_word' id='word_1_355' title='bbox 2679 2884 2746 2932; x_wconf 88' lang='lat' dir='ltr'><strong>et</strong></span> <span class='ocrx_word' id='word_1_356' title='bbox 2802 2869 3062 2952; x_wconf 75' lang='lat' dir='ltr'><strong>integre</strong></span> <span class='ocrx_word' id='word_1_357' title='bbox 3123 2872 3475 2955; x_wconf 88' lang='lat' dir='ltr'><strong>imperium</strong></span> 
     </span>
    </p>
   </div>
   <div class='ocr_carea' id='block_1_8' title="bbox 1980 2968 3480 3468">
    <p class='ocr_par' dir='ltr' id='par_1_8' title="bbox 1980 2968 3480 3468">
     <span class='ocr_line' id='line_1_62' title="bbox 1982 2968 3480 3052; baseline 0.005 -22"><span class='ocrx_word' id='word_1_358' title='bbox 1982 2968 2288 3045; x_wconf 85' lang='lat' dir='ltr'><strong>contulit,</strong></span> <span class='ocrx_word' id='word_1_359' title='bbox 2338 2968 2732 3052; x_wconf 79' lang='lat' dir='ltr'><strong>effecitque,</strong></span> <span class='ocrx_word' id='word_1_360' title='bbox 2780 2985 2853 3033; x_wconf 90' lang='lat' dir='ltr'><strong>ut</strong></span> <span class='ocrx_word' id='word_1_361' title='bbox 2885 2985 2992 3033; x_wconf 90' lang='lat' dir='ltr'><strong>aut</strong></span> <span class='ocrx_word' id='word_1_362' title='bbox 3029 2993 3162 3034; x_wconf 89' lang='lat' dir='ltr'><strong>non</strong></span> <span class='ocrx_word' id='word_1_363' title='bbox 3201 2975 3480 3037; x_wconf 83' lang='lat' dir='ltr'><strong>sentiret</strong></span> 
     </span>
     <span class='ocr_line' id='line_1_63' title="bbox 1980 3069 3479 3155; baseline 0.005 -25"><span class='ocrx_word' id='word_1_364' title='bbox 1980 3069 2262 3152; x_wconf 88' lang='lat' dir='ltr'><strong>populus</strong></span> <span class='ocrx_word' id='word_1_365' title='bbox 2344 3090 2733 3136; x_wconf 83' lang='lat' dir='ltr'><strong>conversum</strong></span> <span class='ocrx_word' id='word_1_366' title='bbox 2813 3072 2980 3155; x_wconf 89' lang='lat' dir='ltr'><strong>reip.</strong></span> <span class='ocrx_word' id='word_1_367' title='bbox 3026 3087 3290 3152; x_wconf 87' lang='lat' dir='ltr'><strong>statum,</strong></span> <span class='ocrx_word' id='word_1_368' title='bbox 3367 3090 3479 3138; x_wconf 90' lang='lat' dir='ltr'><strong>aut</strong></span> 
     </span>
     <span class='ocr_line' id='line_1_64' title="bbox 1980 3169 3479 3261; baseline 0.007 -30"><span class='ocrx_word' id='word_1_369' title='bbox 1980 3169 2353 3235; x_wconf 88' lang='lat' dir='ltr'><strong>libertatem</strong></span> <span class='ocrx_word' id='word_1_370' title='bbox 2400 3185 2699 3238; x_wconf 78' lang='lat' dir='ltr'><strong>veterem</strong></span> <span class='ocrx_word' id='word_1_371' title='bbox 2739 3195 2888 3250; x_wconf 61' lang='lat' dir='ltr'><strong>=non</strong></span> <span class='ocrx_word' id='word_1_372' title='bbox 2919 3196 3322 3261; x_wconf 77' lang='lat' dir='ltr'><strong>magnopere</strong></span> <span class='ocrx_word' id='word_1_373' title='bbox 3366 3176 3479 3241; x_wconf 90' lang='lat' dir='ltr'><strong>de-</strong></span> 
     </span>
     <span class='ocr_line' id='line_1_65' title="bbox 1981 3270 3480 3368; baseline 0.005 -34"><span class='ocrx_word' id='word_1_374' title='bbox 1981 3270 2325 3339; x_wconf 83' lang='lat' dir='ltr'><strong>sideraret.</strong></span> <span class='ocrx_word' id='word_1_375' title='bbox 2411 3271 2564 3368; x_wconf 80' lang='lat' dir='ltr'><strong>Quo</strong></span> <span class='ocrx_word' id='word_1_376' title='bbox 2597 3276 2937 3358; x_wconf 88' lang='lat' dir='ltr'><strong>praeclaro</strong></span> <span class='ocrx_word' id='word_1_377' title='bbox 2986 3277 3278 3344; x_wconf 86' lang='lat' dir='ltr'><strong>instituto</strong></span> <span class='ocrx_word' id='word_1_378' title='bbox 3322 3283 3480 3344; x_wconf 86' lang='lat' dir='ltr'><strong>con&#39;-</strong></span> 
     </span>
     <span class='ocr_line' id='line_1_66' title="bbox 1982 3380 3468 3468; baseline 0.007 -32"><span class='ocrx_word' id='word_1_379' title='bbox 1982 3387 2245 3438; x_wconf 80' lang='lat' dir='ltr'><strong>secutus</strong></span> <span class='ocrx_word' id='word_1_380' title='bbox 2293 3387 2430 3454; x_wconf 87' lang='lat' dir='ltr'><strong>est·,</strong></span> <span class='ocrx_word' id='word_1_381' title='bbox 2489 3389 2561 3439; x_wconf 88' lang='lat' dir='ltr'><strong>ut</strong></span> <span class='ocrx_word' id='word_1_382' title='bbox 2613 3399 2745 3441; x_wconf 89' lang='lat' dir='ltr'><strong>non</strong></span> <span class='ocrx_word' id='word_1_383' title='bbox 2797 3380 3071 3444; x_wconf 85' lang='lat' dir='ltr'><strong>haberet</strong></span> <span class='ocrx_word' id='word_1_384' title='bbox 3123 3383 3468 3468; x_wconf 84' lang='lat' dir='ltr'><strong>antiquitas</strong></span> 
     </span>
    </p>
   </div>
   <div class='ocr_carea' id='block_1_9' title="bbox 1945 3475 3475 3571">
    <p class='ocr_par' dir='ltr' id='par_1_9' title="bbox 1945 3475 3475 3571">
     <span class='ocr_line' id='line_1_67' title="bbox 1945 3475 3475 3571; baseline 0.006 -31"><span class='ocrx_word' id='word_1_385' title='bbox 1945 3475 2341 3560; x_wconf 70' lang='lat' dir='ltr'><strong>⁵perfectius</strong></span> <span class='ocrx_word' id='word_1_386' title='bbox 2373 3478 2550 3541; x_wconf 87' lang='lat' dir='ltr'><strong>aliud</strong></span> <span class='ocrx_word' id='word_1_387' title='bbox 2600 3501 2831 3544; x_wconf 86' lang='lat' dir='ltr'><strong>eorum</strong></span> <span class='ocrx_word' id='word_1_388' title='bbox 2879 3484 3253 3571; x_wconf 74' lang='lat' dir='ltr'><strong>exemplar,</strong></span> <span class='ocrx_word' id='word_1_389' title='bbox 3312 3506 3475 3571; x_wconf 90' lang='lat' dir='ltr'><strong>quos</strong></span> 
     </span>
    </p>
   </div>
   <div class='ocr_carea' id='block_1_10' title="bbox 1978 3577 3482 4487">
    <p class='ocr_par' dir='ltr' id='par_1_10' title="bbox 1978 3577 3482 4487">
     <span class='ocr_line' id='line_1_68' title="bbox 1979 3577 3478 3671; baseline 0.007 -31"><span class='ocrx_word' id='word_1_390' title='bbox 1979 3577 2313 3643; x_wconf 82' lang='lat' dir='ltr'><strong>ministros</strong></span> <span class='ocrx_word' id='word_1_391' title='bbox 2340 3580 2597 3666; x_wconf 88' lang='lat' dir='ltr'><strong>regios,</strong></span> <span class='ocrx_word' id='word_1_392' title='bbox 2653 3596 2763 3646; x_wconf 86' lang='lat' dir='ltr'><strong>aut</strong></span> <span class='ocrx_word' id='word_1_393' title='bbox 2809 3584 3220 3650; x_wconf 83' lang='lat' dir='ltr'><strong>consiliarios</strong></span> <span class='ocrx_word' id='word_1_394' title='bbox 3256 3586 3478 3671; x_wconf 86' lang='lat' dir='ltr'><strong>appel·</strong></span> 
     </span>
     <span class='ocr_line' id='line_1_69' title="bbox 1978 3679 3476 3768; baseline 0.007 -24"><span class='ocrx_word' id='word_1_395' title='bbox 1978 3679 2216 3759; x_wconf 84' lang='lat' dir='ltr'><strong>lamus,</strong></span> <span class='ocrx_word' id='word_1_396' title='bbox 2296 3695 2490 3768; x_wconf 87' lang='lat' dir='ltr'><strong>atque</strong></span> <span class='ocrx_word' id='word_1_397' title='bbox 2566 3682 2708 3767; x_wconf 87' lang='lat' dir='ltr'><strong>ipse</strong></span> <span class='ocrx_word' id='word_1_398' title='bbox 2776 3708 2815 3749; x_wconf 87' lang='lat' dir='ltr'><strong>a</strong></span> <span class='ocrx_word' id='word_1_399' title='bbox 2880 3685 3053 3750; x_wconf 80' lang='lat' dir='ltr'><strong>fastu</strong></span> <span class='ocrx_word' id='word_1_400' title='bbox 3110 3690 3320 3765; x_wconf 88' lang='lat' dir='ltr'><strong>omni,</strong></span> <span class='ocrx_word' id='word_1_401' title='bbox 3401 3710 3476 3755; x_wconf 81' lang='lat' dir='ltr'><strong>ac</strong></span> 
     </span>
     <span class='ocr_line' id='line_1_70' title="bbox 1980 3781 3479 3871; baseline 0.007 -25"><span class='ocrx_word' id='word_1_402' title='bbox 1980 3782 2335 3848; x_wconf 84' lang='lat' dir='ltr'><strong>ambitione</strong></span> <span class='ocrx_word' id='word_1_403' title='bbox 2404 3781 2680 3848; x_wconf 77' lang='lat' dir='ltr'><strong>alienus¹</strong></span> <span class='ocrx_word' id='word_1_404' title='bbox 2706 3788 2915 3871; x_wconf 86' lang='lat' dir='ltr'><strong>major</strong></span> <span class='ocrx_word' id='word_1_405' title='bbox 2970 3805 3147 3855; x_wconf 85' lang='lat' dir='ltr'><strong>esset</strong></span> <span class='ocrx_word' id='word_1_406' title='bbox 3196 3790 3479 3870; x_wconf 84' lang='lat' dir='ltr'><strong>invidia,</strong></span> 
     </span>
     <span class='ocr_line' id='line_1_71' title="bbox 1981 3887 3482 3978; baseline 0.005 -30"><span class='ocrx_word' id='word_1_407' title='bbox 1981 3905 2147 3970; x_wconf 83' lang='lat' dir='ltr'><strong>quae</strong></span> <span class='ocrx_word' id='word_1_408' title='bbox 2200 3887 2402 3970; x_wconf 81' lang='lat' dir='ltr'><strong>vulgo</strong></span> <span class='ocrx_word' id='word_1_409' title='bbox 2456 3887 2859 3953; x_wconf 84' lang='lat' dir='ltr'><strong>inconsultos</strong></span> <span class='ocrx_word' id='word_1_410' title='bbox 2906 3893 3276 3978; x_wconf 89' lang='lat' dir='ltr'><strong>principum</strong></span> <span class='ocrx_word' id='word_1_411' title='bbox 3323 3895 3482 3958; x_wconf 84' lang='lat' dir='ltr'><strong>ami-</strong></span> 
     </span>
     <span class='ocr_line' id='line_1_72' title="bbox 1979 3986 3480 4081; baseline 0.007 -31"><span class='ocrx_word' id='word_1_412' title='bbox 1979 4005 2095 4051; x_wconf 82' lang='lat' dir='ltr'><strong>cos</strong></span> <span class='ocrx_word' id='word_1_413' title='bbox 2147 3986 2319 4051; x_wconf 87' lang='lat' dir='ltr'><strong>solet</strong></span> <span class='ocrx_word' id='word_1_414' title='bbox 2358 4003 2689 4056; x_wconf 83' lang='lat' dir='ltr'><strong>evertere.</strong></span> <span class='ocrx_word' id='word_1_415' title='bbox 2771 3993 2935 4055; x_wconf 90' lang='lat' dir='ltr'><strong>Cum</strong></span> <span class='ocrx_word' id='word_1_416' title='bbox 2984 3994 3226 4059; x_wconf 86' lang='lat' dir='ltr'><strong>bellica</strong></span> <span class='ocrx_word' id='word_1_417' title='bbox 3268 3995 3480 4081; x_wconf 84' lang='lat' dir='ltr'><strong>gloria</strong></span> 
     </span>
     <span class='ocr_line' id='line_1_73' title="bbox 1979 4088 3474 4179; baseline 0.005 -27"><span class='ocrx_word' id='word_1_418' title='bbox 1979 4088 2156 4171; x_wconf 83' lang='lat' dir='ltr'><strong>pacis</strong></span> <span class='ocrx_word' id='word_1_419' title='bbox 2185 4089 2380 4152; x_wconf 85' lang='lat' dir='ltr'><strong>etiam</strong></span> <span class='ocrx_word' id='word_1_420' title='bbox 2401 4105 2592 4155; x_wconf 71' lang='lat' dir='ltr'><strong>artes</strong></span> <span class='ocrx_word' id='word_1_421' title='bbox 2614 4095 2887 4178; x_wconf 82' lang='lat' dir='ltr'><strong>egregie</strong></span> <span class='ocrx_word' id='word_1_422' title='bbox 2907 4097 3266 4179; x_wconf 84' lang='lat' dir='ltr'><strong>conjunxit.</strong></span> <span class='ocrx_word' id='word_1_423' title='bbox 3310 4099 3474 4161; x_wconf 79' lang='lat' dir='ltr'><strong>Cum</strong></span> 
     </span>
     <span class='ocr_line' id='line_1_74' title="bbox 1980 4189 3475 4276; baseline 0.007 -25"><span class='ocrx_word' id='word_1_424' title='bbox 1980 4189 2369 4254; x_wconf 83' lang='lat' dir='ltr'><strong>seditionem</strong></span> <span class='ocrx_word' id='word_1_425' title='bbox 2387 4213 2497 4256; x_wconf 85' lang='lat' dir='ltr'><strong>res</strong></span> <span class='ocrx_word' id='word_1_426' title='bbox 2516 4195 2848 4276; x_wconf 81' lang='lat' dir='ltr'><strong>spectabat</strong></span> <span class='ocrx_word' id='word_1_427' title='bbox 2880 4218 2998 4260; x_wconf 87' lang='lat' dir='ltr'><strong>seu</strong></span> <span class='ocrx_word' id='word_1_428' title='bbox 3030 4197 3095 4260; x_wconf 89' lang='lat' dir='ltr'><strong>in</strong></span> <span class='ocrx_word' id='word_1_429' title='bbox 3133 4197 3319 4275; x_wconf 90' lang='lat' dir='ltr'><strong>urbe,</strong></span> <span class='ocrx_word' id='word_1_430' title='bbox 3357 4218 3475 4262; x_wconf 85' lang='lat' dir='ltr'><strong>seu</strong></span> 
     </span>
     <span class='ocr_line' id='line_1_75' title="bbox 1979 4292 3478 4383; baseline 0.006 -30"><span class='ocrx_word' id='word_1_431' title='bbox 1979 4292 2367 4375; x_wconf 80' lang='lat' dir='ltr'><strong>provinciis,</strong></span> <span class='ocrx_word' id='word_1_432' title='bbox 2413 4308 2674 4378; x_wconf 82' lang='lat' dir='ltr'><strong>praesto</strong></span> <span class='ocrx_word' id='word_1_433' title='bbox 2716 4297 3026 4362; x_wconf 86' lang='lat' dir='ltr'><strong>contiuuo</strong></span> <span class='ocrx_word' id='word_1_434' title='bbox 3067 4298 3189 4361; x_wconf 86' lang='lat' dir='ltr'><strong>fuit</strong></span> <span class='ocrx_word' id='word_1_435' title='bbox 3237 4300 3478 4383; x_wconf 79' lang='lat' dir='ltr'><strong>Agrip-</strong></span> 
     </span>
     <span class='ocr_line' id='line_1_76' title="bbox 1978 4394 3475 4487; baseline 0.003 -30"><span class='ocrx_word' id='word_1_436' title='bbox 1978 4415 2062 4477; x_wconf 82' lang='lat' dir='ltr'><strong>pa</strong></span> <span class='ocrx_word' id='word_1_437' title='bbox 2110 4394 2191 4458; x_wconf 89' lang='lat' dir='ltr'><strong>ab</strong></span> <span class='ocrx_word' id='word_1_438' title='bbox 2225 4395 2525 4480; x_wconf 82' lang='lat' dir='ltr'><strong>Augusto</strong></span> <span class='ocrx_word' id='word_1_439' title='bbox 2573 4399 2842 4478; x_wconf 82' lang='lat' dir='ltr'><strong>missus,</strong></span> <span class='ocrx_word' id='word_1_440' title='bbox 2895 4402 3078 4484; x_wconf 86' lang='lat' dir='ltr'><strong>eujus</strong></span> <span class='ocrx_word' id='word_1_441' title='bbox 3110 4401 3475 4487; x_wconf 83' lang='lat' dir='ltr'><strong>praesentis</strong></span> 
     </span>
    </p>
   </div>
   <div class='ocr_carea' id='block_1_11' title="bbox 369 4590 3467 4620">
    <p class='ocr_par' dir='ltr' id='par_1_11' title="bbox 369 4590 3467 4620">
     <span class='ocr_line' id='line_1_77' title="bbox 369 4590 3467 4620; baseline 0 964"><span class='ocrx_word' id='word_1_442' title='bbox 369 4590 3467 4620; x_wconf 95' lang='lat' dir='ltr'><strong> </strong></span> 
     </span>
    </p>
   </div>
   <div class='ocr_carea' id='block_1_12' title="bbox 370 4717 1082 4888">
    <p class='ocr_par' dir='ltr' id='par_1_12' title="bbox 370 4717 1082 4888">
     <span class='ocr_line' id='line_1_78' title="bbox 440 4717 1082 4794; baseline -0.002 -17"><span class='ocrx_word' id='word_1_443' title='bbox 440 4723 507 4794; x_wconf 67' lang='lat' dir='ltr'><strong>a)</strong></span> <span class='ocrx_word' id='word_1_444' title='bbox 540 4719 661 4778; x_wconf 77' lang='lat' dir='ltr'><strong>mo</strong></span> <span class='ocrx_word' id='word_1_445' title='bbox 686 4717 923 4780; x_wconf 81' lang='lat' dir='ltr'><strong>1..1.1v.</strong></span> <span class='ocrx_word' id='word_1_446' title='bbox 953 4719 1003 4793; x_wconf 75' lang='lat'><strong>§-</strong></span> <span class='ocrx_word' id='word_1_447' title='bbox 1024 4722 1082 4785; x_wconf 84' lang='lat'><strong>6.</strong></span> 
     </span>
     <span class='ocr_line' id='line_1_79' title="bbox 370 4809 947 4888; baseline -0.003 -20"><span class='ocrx_word' id='word_1_448' title='bbox 370 4810 437 4869; x_wconf 84' lang='lat'><strong>1..</strong></span> <span class='ocrx_word' id='word_1_449' title='bbox 456 4809 609 4874; x_wconf 82' lang='lat' dir='ltr'><strong>Lm.</strong></span> <span class='ocrx_word' id='word_1_450' title='bbox 647 4812 702 4885; x_wconf 87' lang='lat'><strong>§.</strong></span> <span class='ocrx_word' id='word_1_451' title='bbox 721 4821 795 4878; x_wconf 76' lang='lat'><strong>30</strong></span> <span class='ocrx_word' id='word_1_452' title='bbox 821 4827 947 4888; x_wconf 82' lang='lat' dir='ltr'><strong>seq.</strong></span> 
     </span>
    </p>
   </div>
   <div class='ocr_carea' id='block_1_13' title="bbox 1259 4675 1937 4791">
    <p class='ocr_par' dir='ltr' id='par_1_13' title="bbox 1259 4675 1937 4791">
     <span class='ocr_line' id='line_1_80' title="bbox 1259 4675 1937 4791; baseline -0.001 -15"><span class='ocrx_word' id='word_1_453' title='bbox 1259 4718 1331 4791; x_wconf 72' lang='lat' dir='ltr'><strong>s)</strong></span> <span class='ocrx_word' id='word_1_454' title='bbox 1362 4716 1479 4777; x_wconf 74' lang='lat' dir='ltr'><strong>Dio</strong></span> <span class='ocrx_word' id='word_1_455' title='bbox 1512 4714 1750 4781; x_wconf 77' lang='lat' dir='ltr'><strong>1..1.1v.</strong></span> <span class='ocrx_word' id='word_1_456' title='bbox 1778 4675 1937 4791; x_wconf 60' lang='lat'><strong>5012.</strong></span> 
     </span>
    </p>
   </div>
   <div class='ocr_carea' id='block_1_14' title="bbox 2119 4714 3470 4799">
    <p class='ocr_par' dir='ltr' id='par_1_14' title="bbox 2119 4714 3470 4799">
     <span class='ocr_line' id='line_1_81' title="bbox 2119 4714 3470 4799; baseline 0.008 -26"><span class='ocrx_word' id='word_1_457' title='bbox 2119 4719 2181 4789; x_wconf 86' lang='lat' dir='ltr'><strong>c)</strong></span> <span class='ocrx_word' id='word_1_458' title='bbox 2209 4714 2357 4780; x_wconf 74' lang='lat' dir='ltr'><strong>ibid.</strong></span> <span class='ocrx_word' id='word_1_459' title='bbox 2387 4721 2545 4792; x_wconf 77' lang='lat'><strong>§.28.</strong></span> <span class='ocrx_word' id='word_1_460' title='bbox 2649 4769 2657 4777; x_wconf 88' lang='lat'><strong>.</strong></span> <span class='ocrx_word' id='word_1_461' title='bbox 2723 4721 2792 4797; x_wconf 56' lang='grc' dir='ltr'>ᾧ</span> <span class='ocrx_word' id='word_1_462' title='bbox 2821 4721 2935 4780; x_wconf 90' lang='lat' dir='ltr'><strong>Dio</strong></span> <span class='ocrx_word' id='word_1_463' title='bbox 2965 4723 3007 4786; x_wconf 83' lang='lat' dir='ltr'><strong>l.</strong></span> <span class='ocrx_word' id='word_1_464' title='bbox 3033 4743 3104 4784; x_wconf 69' lang='lat' dir='ltr'><strong>ca</strong></span> <span class='ocrx_word' id='word_1_465' title='bbox 3263 4728 3320 4799; x_wconf 85' lang='lat' dir='ltr'><strong>e)</strong></span> <span class='ocrx_word' id='word_1_466' title='bbox 3359 4727 3470 4784; x_wconf 82' lang='lat' dir='ltr'><strong>nio</strong></span> 
     </span>
    </p>
   </div>
   <div class='ocr_carea' id='block_1_15' title="bbox 2877 4905 3022 4966">
    <p class='ocr_par' dir='ltr' id='par_1_15' title="bbox 2877 4905 3022 4966">
     <span class='ocr_line' id='line_1_82' title="bbox 2877 4905 3022 4966; baseline 0.007 -1"><span class='ocrx_word' id='word_1_467' title='bbox 2877 4905 3022 4966; x_wconf 67' lang='lat' dir='ltr'><strong>Xe</strong></span> 
     </span>
    </p>
   </div>
   <div class='ocr_carea' id='block_1_16' title="bbox 4507 44 4509 580">
    <p class='ocr_par' dir='ltr' id='par_1_16' title="bbox 4507 44 4509 580">
     <span class='ocr_line' id='line_1_83' title="bbox 4507 44 4509 580; baseline 0 0"><span class='ocrx_word' id='word_1_468' title='bbox 4507 44 4509 580; x_wconf 95' lang='lat' dir='ltr'><strong> </strong></span> 
     </span>
    </p>
   </div>
  </div>
 </body>
</html>
