<?xml version="1.0" encoding="UTF-8"?>
<!DOCTYPE html PUBLIC "-//W3C//DTD XHTML 1.0 Transitional//EN"
    "http://www.w3.org/TR/xhtml1/DTD/xhtml1-transitional.dtd">
<html xmlns="http://www.w3.org/1999/xhtml" xml:lang="en" lang="en">
 <head>
  <title>
</title>
<meta http-equiv="Content-Type" content="text/html;charset=utf-8" />
  <meta name='ocr-system' content='tesseract 3.04.00' />
  <meta name='ocr-capabilities' content='ocr_page ocr_carea ocr_par ocr_line ocrx_word'/>
</head>
<body>
  <div class='ocr_page' id='page_1' title='image "./doctrinanumorum00unkngoog_0421.png"; bbox 0 0 4509 5584; ppageno 0'>
   <div class='ocr_carea' id='block_1_1' title="bbox 1520 588 2299 667">
    <p class='ocr_par' dir='ltr' id='par_1_1' title="bbox 1520 588 2299 667">
     <span class='ocr_line' id='line_1_1' title="bbox 1520 588 2299 667; baseline 0.001 -4"><span class='ocrx_word' id='word_1_1' title='bbox 1520 588 2299 667; x_wconf 82' lang='lat' dir='ltr'><strong>DOMITIANVS.</strong></span> 
     </span>
    </p>
   </div>
   <div class='ocr_carea' id='block_1_2' title="bbox 1089 761 1339 844">
    <p class='ocr_par' dir='ltr' id='par_1_2' title="bbox 1089 761 1339 844">
     <span class='ocr_line' id='line_1_2' title="bbox 1089 761 1130 799; baseline 0 -3"><span class='ocrx_word' id='word_1_2' title='bbox 1089 761 1130 799; x_wconf 47' lang='grc' dir='ltr'><strong>ᾖ</strong></span> 
     </span>
     <span class='ocr_line' id='line_1_3' title="bbox 1298 806 1339 844; baseline 0 0"><span class='ocrx_word' id='word_1_3' title='bbox 1298 806 1339 844; x_wconf 51' lang='grc' dir='ltr'><strong><em>ἦ</em></strong></span> 
     </span>
    </p>
   </div>
   <div class='ocr_carea' id='block_1_3' title="bbox 353 805 1856 1639">
    <p class='ocr_par' dir='ltr' id='par_1_3' title="bbox 764 805 917 843">
     <span class='ocr_line' id='line_1_4' title="bbox 764 805 917 843; baseline 0 0"><span class='ocrx_word' id='word_1_4' title='bbox 764 826 775 833; x_wconf 89' lang='lat'><strong>·</strong></span> <span class='ocrx_word' id='word_1_5' title='bbox 876 805 917 843; x_wconf 55' lang='lat' dir='ltr'><strong>ff</strong></span> 
     </span>
    </p>

    <p class='ocr_par' dir='ltr' id='par_1_4' title="bbox 353 858 1844 1248">
     <span class='ocr_line' id='line_1_5' title="bbox 648 858 1801 945; baseline 0.004 -22"><span class='ocrx_word' id='word_1_6' title='bbox 648 862 742 923; x_wconf 77' lang='lat' dir='ltr'><strong>Vt</strong></span> <span class='ocrx_word' id='word_1_7' title='bbox 778 859 886 922; x_wconf 70' lang='lat' dir='ltr'><strong>lie.</strong></span> <span class='ocrx_word' id='word_1_8' title='bbox 915 858 1038 927; x_wconf 65' lang='lat' dir='ltr'><strong>A:</strong></span> <span class='ocrx_word' id='word_1_9' title='bbox 1793 926 1801 945; x_wconf 36' lang='lat' dir='ltr'>s</span> 
     </span>
     <span class='ocr_line' id='line_1_6' title="bbox 353 958 1844 1045; baseline 0.002 -22"><span class='ocrx_word' id='word_1_10' title='bbox 353 959 550 1024; x_wconf 85' lang='lat' dir='ltr'><strong>COS.</strong></span> <span class='ocrx_word' id='word_1_11' title='bbox 598 958 807 1025; x_wconf 77' lang='lat' dir='ltr'><strong>xlm.</strong></span> <span class='ocrx_word' id='word_1_12' title='bbox 905 961 1184 1044; x_wconf 83' lang='lat' dir='ltr'><strong>Cippus,</strong></span> <span class='ocrx_word' id='word_1_13' title='bbox 1253 966 1366 1025; x_wconf 84' lang='lat' dir='ltr'><strong>eui</strong></span> <span class='ocrx_word' id='word_1_14' title='bbox 1412 963 1844 1045; x_wconf 80' lang='lat' dir='ltr'><strong>inscriptum.-</strong></span> 
     </span>
     <span class='ocr_line' id='line_1_7' title="bbox 353 1060 1843 1133; baseline 0.005 -11"><span class='ocrx_word' id='word_1_15' title='bbox 353 1060 562 1129; x_wconf 76' lang='lat' dir='ltr'><strong>LVD.</strong></span> <span class='ocrx_word' id='word_1_16' title='bbox 593 1062 840 1129; x_wconf 75' lang='lat' dir='ltr'><strong>SAEC.</strong></span> <span class='ocrx_word' id='word_1_17' title='bbox 872 1062 1065 1131; x_wconf 83' lang='lat' dir='ltr'><strong>FEC.</strong></span> <span class='ocrx_word' id='word_1_18' title='bbox 1099 1069 1285 1129; x_wconf 80' lang='lat' dir='ltr'><strong>intra</strong></span> <span class='ocrx_word' id='word_1_19' title='bbox 1314 1065 1639 1131; x_wconf 82' lang='lat' dir='ltr'><strong>lauream.</strong></span> <span class='ocrx_word' id='word_1_20' title='bbox 1697 1064 1843 1133; x_wconf 83' lang='lat' dir='ltr'><strong>AV.</strong></span> 
     </span>
     <span class='ocr_line' id='line_1_8' title="bbox 357 1163 809 1248; baseline 0.015 -25"><span class='ocrx_word' id='word_1_21' title='bbox 357 1164 556 1245; x_wconf 77' lang='lat' dir='ltr'><strong>(Mus.</strong></span> <span class='ocrx_word' id='word_1_22' title='bbox 592 1163 809 1248; x_wconf 87' lang='lat' dir='ltr'><strong>Caes.)</strong></span> 
     </span>
    </p>

    <p class='ocr_par' dir='ltr' id='par_1_5' title="bbox 644 1264 1850 1344">
     <span class='ocr_line' id='line_1_9' title="bbox 644 1264 1850 1344; baseline -0.002 -14"><span class='ocrx_word' id='word_1_23' title='bbox 644 1268 894 1344; x_wconf 84' lang='lat' dir='ltr'><strong>Alius,</strong></span> <span class='ocrx_word' id='word_1_24' title='bbox 943 1266 1070 1329; x_wconf 82' lang='lat' dir='ltr'><strong>sed</strong></span> <span class='ocrx_word' id='word_1_25' title='bbox 1093 1268 1363 1341; x_wconf 81' lang='lat' dir='ltr'><strong>antica,</strong></span> <span class='ocrx_word' id='word_1_26' title='bbox 1415 1276 1493 1328; x_wconf 83' lang='lat' dir='ltr'><strong>ut</strong></span> <span class='ocrx_word' id='word_1_27' title='bbox 1529 1266 1635 1330; x_wconf 80' lang='lat' dir='ltr'><strong>Iit.</strong></span> <span class='ocrx_word' id='word_1_28' title='bbox 1659 1264 1742 1331; x_wconf 86' lang='grc' dir='ltr'><strong>Β.</strong></span> <span class='ocrx_word' id='word_1_29' title='bbox 1784 1278 1850 1329; x_wconf 82' lang='lat' dir='ltr'><strong>et</strong></span> 
     </span>
    </p>

    <p class='ocr_par' dir='ltr' id='par_1_6' title="bbox 643 1366 1441 1452">
     <span class='ocr_line' id='line_1_10' title="bbox 643 1366 1441 1452; baseline 0 -21"><span class='ocrx_word' id='word_1_30' title='bbox 643 1387 731 1431; x_wconf 72' lang='lat' dir='ltr'><strong>ex</strong></span> <span class='ocrx_word' id='word_1_31' title='bbox 765 1368 906 1431; x_wconf 84' lang='lat' dir='ltr'><strong>AR.</strong></span> <span class='ocrx_word' id='word_1_32' title='bbox 944 1369 1144 1452; x_wconf 77' lang='lat' dir='ltr'><strong>(Mus.</strong></span> <span class='ocrx_word' id='word_1_33' title='bbox 1177 1366 1400 1447; x_wconf 89' lang='lat' dir='ltr'><strong>Caes.)</strong></span> <span class='ocrx_word' id='word_1_34' title='bbox 1426 1432 1441 1445; x_wconf 70' lang='grc'>,</span> 
     </span>
    </p>

    <p class='ocr_par' dir='ltr' id='par_1_7' title="bbox 357 1470 1856 1657">
     <span class='ocr_line' id='line_1_11' title="bbox 651 1470 1099 1538; baseline 0.02 -10"><span class='ocrx_word' id='word_1_35' title='bbox 651 1472 744 1531; x_wconf 81' lang='lat' dir='ltr'><strong>Vt</strong></span> <span class='ocrx_word' id='word_1_36' title='bbox 781 1470 887 1532; x_wconf 77' lang='lat' dir='ltr'><strong>lit.</strong></span> <span class='ocrx_word' id='word_1_37' title='bbox 913 1471 999 1538; x_wconf 86' lang='lat' dir='ltr'><strong>B.</strong></span> <span class='ocrx_word' id='word_1_38' title='bbox 1094 1508 1099 1513; x_wconf 90' lang='lat'><em>-</em></span> 
     </span>
     <span class='ocr_line' id='line_1_12' title="bbox 357 1567 1856 1639; baseline 0.001 -8"><span class='ocrx_word' id='word_1_39' title='bbox 357 1567 551 1635; x_wconf 86' lang='lat' dir='ltr'><strong>COS.</strong></span> <span class='ocrx_word' id='word_1_40' title='bbox 584 1570 786 1636; x_wconf 79' lang='lat' dir='ltr'><strong>xlm.</strong></span> <span class='ocrx_word' id='word_1_41' title='bbox 833 1571 1040 1639; x_wconf 85' lang='lat' dir='ltr'><strong>LVD.</strong></span> <span class='ocrx_word' id='word_1_42' title='bbox 1079 1569 1326 1634; x_wconf 84' lang='lat' dir='ltr'><strong>SAEC.</strong></span> <span class='ocrx_word' id='word_1_43' title='bbox 1357 1568 1549 1632; x_wconf 85' lang='lat' dir='ltr'><strong>FEC.</strong></span> <span class='ocrx_word' id='word_1_44' title='bbox 1596 1572 1726 1636; x_wconf 85' lang='lat' dir='ltr'><strong>Vir</strong></span> <span class='ocrx_word' id='word_1_45' title='bbox 1759 1581 1856 1633; x_wconf 83' lang='lat' dir='ltr'><strong>to·</strong></span> 
     </span>
    </p>
   </div>
   <div class='ocr_carea' id='block_1_4' title="bbox 240 1662 1857 1754">
    <p class='ocr_par' dir='ltr' id='par_1_8' title="bbox 240 1662 1857 1754">
     <span class='ocr_line' id='line_1_13' title="bbox 240 1662 1857 1754; baseline 0.002 -24"><span class='ocrx_word' id='word_1_46' title='bbox 240 1662 251 1673; x_wconf 59' lang='lat'>⁶</span> <span class='ocrx_word' id='word_1_47' title='bbox 348 1683 559 1752; x_wconf 79' lang='lat' dir='ltr'><strong>gatus</strong></span> <span class='ocrx_word' id='word_1_48' title='bbox 590 1672 913 1754; x_wconf 81' lang='lat' dir='ltr'><strong>gradiens</strong></span> <span class='ocrx_word' id='word_1_49' title='bbox 945 1684 1159 1735; x_wconf 83' lang='lat' dir='ltr'><strong>tectus</strong></span> <span class='ocrx_word' id='word_1_50' title='bbox 1191 1670 1427 1754; x_wconf 76' lang='lat' dir='ltr'><strong>galea,</strong></span> <span class='ocrx_word' id='word_1_51' title='bbox 1475 1689 1563 1733; x_wconf 77' lang='lat' dir='ltr'><strong>ex</strong></span> <span class='ocrx_word' id='word_1_52' title='bbox 1596 1690 1728 1751; x_wconf 80' lang='lat' dir='ltr'><strong>qua</strong></span> <span class='ocrx_word' id='word_1_53' title='bbox 1759 1671 1857 1733; x_wconf 70' lang='lat' dir='ltr'><strong>bc·-</strong></span> 
     </span>
    </p>
   </div>
   <div class='ocr_carea' id='block_1_5' title="bbox 348 1772 1855 2041">
    <p class='ocr_par' dir='ltr' id='par_1_9' title="bbox 348 1772 1855 2041">
     <span class='ocr_line' id='line_1_14' title="bbox 355 1772 1855 1856; baseline 0.001 -24"><span class='ocrx_word' id='word_1_54' title='bbox 355 1790 482 1837; x_wconf 82' lang='lat' dir='ltr'><strong>nae</strong></span> <span class='ocrx_word' id='word_1_55' title='bbox 520 1772 673 1833; x_wconf 78' lang='lat' dir='ltr'><strong>alne</strong></span> <span class='ocrx_word' id='word_1_56' title='bbox 702 1774 1108 1855; x_wconf 76' lang='lat' dir='ltr'><em>adsurgunt,</em></span> <span class='ocrx_word' id='word_1_57' title='bbox 1145 1775 1207 1839; x_wconf 84' lang='lat' dir='ltr'><strong>d.</strong></span> <span class='ocrx_word' id='word_1_58' title='bbox 1243 1773 1597 1850; x_wconf 79' lang='lat' dir='ltr'><em>bacillum,</em></span> <span class='ocrx_word' id='word_1_59' title='bbox 1627 1795 1684 1838; x_wconf 91' lang='lat' dir='ltr'><strong>s.</strong></span> <span class='ocrx_word' id='word_1_60' title='bbox 1716 1772 1855 1856; x_wconf 81' lang='lat' dir='ltr'><strong>ely·</strong></span> 
     </span>
     <span class='ocr_line' id='line_1_15' title="bbox 348 1871 1853 1966; baseline 0.003 -33"><span class='ocrx_word' id='word_1_61' title='bbox 348 1892 546 1952; x_wconf 87' lang='lat' dir='ltr'><strong>peum</strong></span> <span class='ocrx_word' id='word_1_62' title='bbox 568 1876 948 1938; x_wconf 82' lang='lat' dir='ltr'><strong>rotundum.</strong></span> <span class='ocrx_word' id='word_1_63' title='bbox 971 1875 1105 1941; x_wconf 73' lang='lat' dir='ltr'><strong>AR.</strong></span> <span class='ocrx_word' id='word_1_64' title='bbox 1122 1887 1191 1936; x_wconf 88' lang='lat' dir='ltr'><strong>et</strong></span> <span class='ocrx_word' id='word_1_65' title='bbox 1209 1871 1406 1966; x_wconf 80' lang='lat' dir='ltr'><strong>Quin.</strong></span> <span class='ocrx_word' id='word_1_66' title='bbox 1423 1874 1853 1956; x_wconf 75' lang='lat' dir='ltr'><strong>(Mus.Caes.)</strong></span> 
     </span>
     <span class='ocr_line' id='line_1_16' title="bbox 572 1974 915 2041; baseline 0.023 -8"><span class='ocrx_word' id='word_1_67' title='bbox 572 1977 664 2036; x_wconf 81' lang='lat' dir='ltr'><strong>Vt</strong></span> <span class='ocrx_word' id='word_1_68' title='bbox 698 1974 806 2041; x_wconf 77' lang='lat' dir='ltr'><strong>lit.</strong></span> <span class='ocrx_word' id='word_1_69' title='bbox 831 1975 915 2041; x_wconf 89' lang='lat' dir='ltr'><strong>B.</strong></span> 
     </span>
    </p>
   </div>
   <div class='ocr_carea' id='block_1_6' title="bbox 354 2074 1854 2159">
    <p class='ocr_par' dir='ltr' id='par_1_10' title="bbox 354 2074 1854 2159">
     <span class='ocr_line' id='line_1_17' title="bbox 354 2074 1854 2159; baseline 0.003 -24"><span class='ocrx_word' id='word_1_70' title='bbox 354 2074 612 2136; x_wconf 78' lang='lat' dir='ltr'><strong>Eadem</strong></span> <span class='ocrx_word' id='word_1_71' title='bbox 666 2075 1023 2159; x_wconf 79' lang='lat' dir='ltr'><strong><em>epigraphe</em></strong></span> <span class='ocrx_word' id='word_1_72' title='bbox 1068 2078 1326 2141; x_wconf 82' lang='lat' dir='ltr'><strong>inserta</strong></span> <span class='ocrx_word' id='word_1_73' title='bbox 1380 2079 1567 2158; x_wconf 83' lang='lat' dir='ltr'><strong>cippo</strong></span> <span class='ocrx_word' id='word_1_74' title='bbox 1587 2118 1606 2154; x_wconf 91' lang='lat'><strong>,</strong></span> <span class='ocrx_word' id='word_1_75' title='bbox 1651 2077 1854 2155; x_wconf 67' lang='lat' dir='ltr'><strong>juxta</strong></span> 
     </span>
    </p>
   </div>
   <div class='ocr_carea' id='block_1_7' title="bbox 354 2177 1901 2259">
    <p class='ocr_par' dir='ltr' id='par_1_11' title="bbox 354 2177 1901 2259">
     <span class='ocr_line' id='line_1_18' title="bbox 354 2177 1901 2259; baseline 0.001 -22"><span class='ocrx_word' id='word_1_76' title='bbox 354 2177 826 2239; x_wconf 81' lang='lat' dir='ltr'><strong>candelabrum</strong></span> <span class='ocrx_word' id='word_1_77' title='bbox 844 2222 863 2253; x_wconf 96' lang='lat'><strong>,</strong></span> <span class='ocrx_word' id='word_1_78' title='bbox 934 2190 1003 2240; x_wconf 81' lang='lat' dir='ltr'><strong>et</strong></span> <span class='ocrx_word' id='word_1_79' title='bbox 1051 2177 1300 2241; x_wconf 85' lang='lat' dir='ltr'><strong>similis</strong></span> <span class='ocrx_word' id='word_1_80' title='bbox 1349 2179 1457 2239; x_wconf 84' lang='lat' dir='ltr'><strong>vir</strong></span> <span class='ocrx_word' id='word_1_81' title='bbox 1508 2179 1852 2259; x_wconf 79' lang='lat' dir='ltr'><strong>gradiens.</strong></span> <span class='ocrx_word' id='word_1_82' title='bbox 1894 2190 1901 2197; x_wconf 86' lang='grc'><em>·</em></span> 
     </span>
    </p>
   </div>
   <div class='ocr_carea' id='block_1_8' title="bbox 350 2275 1862 3277">
    <p class='ocr_par' dir='ltr' id='par_1_12' title="bbox 356 2275 1000 2360">
     <span class='ocr_line' id='line_1_19' title="bbox 356 2275 1000 2360; baseline 0.009 -23"><span class='ocrx_word' id='word_1_83' title='bbox 356 2275 500 2341; x_wconf 82' lang='lat' dir='ltr'><strong>AR.</strong></span> <span class='ocrx_word' id='word_1_84' title='bbox 542 2279 745 2358; x_wconf 81' lang='lat' dir='ltr'><strong>(Mus.</strong></span> <span class='ocrx_word' id='word_1_85' title='bbox 779 2278 1000 2360; x_wconf 87' lang='lat' dir='ltr'><strong>Caes.)</strong></span> 
     </span>
    </p>

    <p class='ocr_par' dir='ltr' id='par_1_13' title="bbox 350 2377 1862 3277">
     <span class='ocr_line' id='line_1_20' title="bbox 483 2377 1852 2463; baseline 0.001 -23"><span class='ocrx_word' id='word_1_86' title='bbox 483 2377 726 2443; x_wconf 86' lang='lat' dir='ltr'><strong>Gorius</strong></span> <span class='ocrx_word' id='word_1_87' title='bbox 755 2378 964 2443; x_wconf 77' lang='lat' dir='ltr'><strong>varias</strong></span> <span class='ocrx_word' id='word_1_88' title='bbox 997 2377 1408 2442; x_wconf 78' lang='lat' dir='ltr'><strong>eruditorum</strong></span> <span class='ocrx_word' id='word_1_89' title='bbox 1442 2379 1852 2463; x_wconf 84' lang='lat' dir='ltr'><strong>conjecturas</strong></span> 
     </span>
     <span class='ocr_line' id='line_1_21' title="bbox 354 2478 1858 2564; baseline 0.001 -23"><span class='ocrx_word' id='word_1_90' title='bbox 354 2493 730 2558; x_wconf 75' lang='lat' dir='ltr'><strong>enumerat,</strong></span> <span class='ocrx_word' id='word_1_91' title='bbox 799 2478 958 2564; x_wconf 83' lang='lat' dir='ltr'><strong>quid</strong></span> <span class='ocrx_word' id='word_1_92' title='bbox 1022 2480 1416 2564; x_wconf 85' lang='lat' dir='ltr'><strong>opinandum</strong></span> <span class='ocrx_word' id='word_1_93' title='bbox 1476 2481 1560 2543; x_wconf 88' lang='lat' dir='ltr'><strong>sit</strong></span> <span class='ocrx_word' id='word_1_94' title='bbox 1624 2479 1710 2545; x_wconf 83' lang='lat' dir='ltr'><strong>de</strong></span> <span class='ocrx_word' id='word_1_95' title='bbox 1765 2480 1858 2545; x_wconf 76' lang='lat' dir='ltr'><strong>vi-</strong></span> 
     </span>
     <span class='ocr_line' id='line_1_22' title="bbox 350 2581 1855 2671; baseline 0.003 -30"><span class='ocrx_word' id='word_1_96' title='bbox 350 2600 472 2655; x_wconf 84' lang='lat' dir='ltr'><strong>ro,</strong></span> <span class='ocrx_word' id='word_1_97' title='bbox 531 2581 711 2644; x_wconf 89' lang='lat' dir='ltr'><strong>cultu</strong></span> <span class='ocrx_word' id='word_1_98' title='bbox 759 2595 886 2671; x_wconf 86' lang='lat' dir='ltr'><strong>tam</strong></span> <span class='ocrx_word' id='word_1_99' title='bbox 938 2582 1251 2664; x_wconf 78' lang='lat' dir='ltr'>singulari</span> <span class='ocrx_word' id='word_1_100' title='bbox 1302 2581 1723 2666; x_wconf 74' lang='lat' dir='ltr'><strong>ingrediente</strong></span> <span class='ocrx_word' id='word_1_101' title='bbox 1766 2584 1855 2665; x_wconf 78' lang='lat'><strong>¹),</strong></span> 
     </span>
     <span class='ocr_line' id='line_1_23' title="bbox 350 2681 1858 2766; baseline 0.001 -20"><span class='ocrx_word' id='word_1_102' title='bbox 350 2681 499 2746; x_wconf 73' lang='lat' dir='ltr'><strong>aliis</strong></span> <span class='ocrx_word' id='word_1_103' title='bbox 544 2683 822 2760; x_wconf 88' lang='lat' dir='ltr'><strong>Salium,</strong></span> <span class='ocrx_word' id='word_1_104' title='bbox 877 2683 1020 2746; x_wconf 88' lang='lat' dir='ltr'><strong>aliis</strong></span> <span class='ocrx_word' id='word_1_105' title='bbox 1064 2684 1430 2762; x_wconf 85' lang='lat' dir='ltr'><strong>Feeialem,</strong></span> <span class='ocrx_word' id='word_1_106' title='bbox 1484 2684 1626 2748; x_wconf 91' lang='lat' dir='ltr'><strong>aliis</strong></span> <span class='ocrx_word' id='word_1_107' title='bbox 1670 2704 1858 2766; x_wconf 88' lang='lat' dir='ltr'><strong>prae-</strong></span> 
     </span>
     <span class='ocr_line' id='line_1_24' title="bbox 352 2784 1855 2871; baseline 0 -22"><span class='ocrx_word' id='word_1_108' title='bbox 352 2803 589 2849; x_wconf 87' lang='lat' dir='ltr'><strong>eonem</strong></span> <span class='ocrx_word' id='word_1_109' title='bbox 644 2784 1055 2869; x_wconf 79' lang='lat' dir='ltr'><strong>putantibus,</strong></span> <span class='ocrx_word' id='word_1_110' title='bbox 1115 2799 1310 2871; x_wconf 88' lang='lat' dir='ltr'><strong>atque</strong></span> <span class='ocrx_word' id='word_1_111' title='bbox 1365 2785 1510 2870; x_wconf 89' lang='lat' dir='ltr'><strong>ipse</strong></span> <span class='ocrx_word' id='word_1_112' title='bbox 1567 2784 1855 2870; x_wconf 81' lang='lat' dir='ltr'><strong>denique</strong></span> 
     </span>
     <span class='ocr_line' id='line_1_25' title="bbox 355 2885 1862 2972; baseline -0.001 -22"><span class='ocrx_word' id='word_1_113' title='bbox 355 2907 536 2951; x_wconf 89' lang='lat' dir='ltr'><strong>suam</strong></span> <span class='ocrx_word' id='word_1_114' title='bbox 583 2887 893 2972; x_wconf 81' lang='lat' dir='ltr'><strong>proponit</strong></span> <span class='ocrx_word' id='word_1_115' title='bbox 940 2889 1423 2970; x_wconf 87' lang='lat' dir='ltr'><strong>conjecturam,</strong></span> <span class='ocrx_word' id='word_1_116' title='bbox 1477 2885 1694 2953; x_wconf 80' lang='lat' dir='ltr'><strong>videri</strong></span> <span class='ocrx_word' id='word_1_117' title='bbox 1737 2886 1862 2949; x_wconf 78' lang='lat' dir='ltr'><strong>Mi-</strong></span> 
     </span>
     <span class='ocr_line' id='line_1_26' title="bbox 351 2987 1856 3075; baseline -0.001 -25"><span class='ocrx_word' id='word_1_118' title='bbox 351 3009 624 3053; x_wconf 82' lang='lat' dir='ltr'><strong>nervam</strong></span> <span class='ocrx_word' id='word_1_119' title='bbox 672 3012 710 3053; x_wconf 91' lang='lat' dir='ltr'><strong>a</strong></span> <span class='ocrx_word' id='word_1_120' title='bbox 750 2989 1126 3055; x_wconf 89' lang='lat' dir='ltr'><strong>Domitiano</strong></span> <span class='ocrx_word' id='word_1_121' title='bbox 1179 3004 1457 3075; x_wconf 86' lang='lat' dir='ltr'><strong>propter</strong></span> <span class='ocrx_word' id='word_1_122' title='bbox 1516 2987 1856 3073; x_wconf 86' lang='lat' dir='ltr'><strong>cognitum</strong></span> 
     </span>
     <span class='ocr_line' id='line_1_27' title="bbox 355 3089 1853 3175; baseline 0.001 -22"><span class='ocrx_word' id='word_1_123' title='bbox 355 3093 422 3153; x_wconf 89' lang='lat' dir='ltr'><strong>in</strong></span> <span class='ocrx_word' id='word_1_124' title='bbox 484 3111 628 3154; x_wconf 87' lang='lat' dir='ltr'><strong>eam</strong></span> <span class='ocrx_word' id='word_1_125' title='bbox 680 3089 1009 3154; x_wconf 77' lang='lat' dir='ltr'><strong>adfectum</strong></span> <span class='ocrx_word' id='word_1_126' title='bbox 1065 3089 1409 3167; x_wconf 84' lang='lat' dir='ltr'><strong>ludorum,</strong></span> <span class='ocrx_word' id='word_1_127' title='bbox 1474 3090 1558 3155; x_wconf 82' lang='lat' dir='ltr'><strong>de</strong></span> <span class='ocrx_word' id='word_1_128' title='bbox 1620 3089 1853 3175; x_wconf 83' lang='lat' dir='ltr'><strong>quibus</strong></span> 
     </span>
     <span class='ocr_line' id='line_1_28' title="bbox 355 3191 1855 3277; baseline -0.002 -21"><span class='ocrx_word' id='word_1_129' title='bbox 355 3194 679 3277; x_wconf 84' lang='lat' dir='ltr'><strong>agimus,·</strong></span> <span class='ocrx_word' id='word_1_130' title='bbox 734 3191 1039 3255; x_wconf 88' lang='lat' dir='ltr'><strong>arbitram</strong></span> <span class='ocrx_word' id='word_1_131' title='bbox 1118 3194 1562 3268; x_wconf 80' lang='lat' dir='ltr'><strong>constitutam,</strong></span> <span class='ocrx_word' id='word_1_132' title='bbox 1659 3205 1855 3276; x_wconf 87' lang='lat' dir='ltr'><strong>atque</strong></span> 
     </span>
    </p>
   </div>
   <div class='ocr_carea' id='block_1_9' title="bbox 255 3292 1897 3487">
    <p class='ocr_par' dir='ltr' id='par_1_14' title="bbox 255 3292 1897 3487">
     <span class='ocr_line' id='line_1_29' title="bbox 255 3292 1859 3379; baseline 0 -23"><span class='ocrx_word' id='word_1_133' title='bbox 255 3298 271 3311; x_wconf 84' lang='lat'>&#39;</span> <span class='ocrx_word' id='word_1_134' title='bbox 353 3294 530 3359; x_wconf 84' lang='lat' dir='ltr'><strong>istud</strong></span> <span class='ocrx_word' id='word_1_135' title='bbox 604 3293 826 3379; x_wconf 89' lang='lat' dir='ltr'><strong>paullo</strong></span> <span class='ocrx_word' id='word_1_136' title='bbox 903 3293 1075 3356; x_wconf 82' lang='lat' dir='ltr'><strong>infra</strong></span> <span class='ocrx_word' id='word_1_137' title='bbox 1128 3292 1197 3374; x_wconf 79' lang='lat' dir='ltr'><strong>b)</strong></span> <span class='ocrx_word' id='word_1_138' title='bbox 1259 3314 1393 3357; x_wconf 88' lang='lat' dir='ltr'><strong>non</strong></span> <span class='ocrx_word' id='word_1_139' title='bbox 1457 3293 1588 3376; x_wconf 87' lang='lat' dir='ltr'><strong>jam</strong></span> <span class='ocrx_word' id='word_1_140' title='bbox 1655 3294 1859 3376; x_wconf 86' lang='lat' dir='ltr'><strong>conji-</strong></span> 
     </span>
     <span class='ocr_line' id='line_1_30' title="bbox 355 3393 1897 3487; baseline -0.001 -27"><span class='ocrx_word' id='word_1_141' title='bbox 355 3397 588 3460; x_wconf 91' lang='lat' dir='ltr'><strong>cientis</strong></span> <span class='ocrx_word' id='word_1_142' title='bbox 633 3416 857 3485; x_wconf 75' lang='lat' dir='ltr'><strong>more,</strong></span> <span class='ocrx_word' id='word_1_143' title='bbox 919 3395 1036 3459; x_wconf 79' lang='lat' dir='ltr'><strong>sed</strong></span> <span class='ocrx_word' id='word_1_144' title='bbox 1080 3393 1493 3459; x_wconf 81' lang='lat' dir='ltr'><strong>confidenter</strong></span> <span class='ocrx_word' id='word_1_145' title='bbox 1533 3393 1851 3460; x_wconf 82' lang='lat' dir='ltr'><strong>adfirmat.</strong></span> <span class='ocrx_word' id='word_1_146' title='bbox 1888 3478 1897 3487; x_wconf 76' lang='lat'><em>‚</em></span> 
     </span>
    </p>
   </div>
   <div class='ocr_carea' id='block_1_10' title="bbox 355 3495 1857 3990">
    <p class='ocr_par' dir='ltr' id='par_1_15' title="bbox 355 3495 1857 3990">
     <span class='ocr_line' id='line_1_31' title="bbox 355 3495 1855 3580; baseline -0.002 -19"><span class='ocrx_word' id='word_1_147' title='bbox 355 3501 503 3561; x_wconf 83' lang='lat' dir='ltr'><strong>Non</strong></span> <span class='ocrx_word' id='word_1_148' title='bbox 562 3498 859 3562; x_wconf 82' lang='lat' dir='ltr'><strong>meminit</strong></span> <span class='ocrx_word' id='word_1_149' title='bbox 901 3495 1180 3575; x_wconf 89' lang='lat' dir='ltr'><strong>Gorius,</strong></span> <span class='ocrx_word' id='word_1_150' title='bbox 1243 3495 1637 3561; x_wconf 76' lang='lat' dir='ltr'><strong>simillimam</strong></span> <span class='ocrx_word' id='word_1_151' title='bbox 1693 3496 1855 3580; x_wconf 83' lang='lat' dir='ltr'><strong>ligu-</strong></span> 
     </span>
     <span class='ocr_line' id='line_1_32' title="bbox 359 3597 1854 3685; baseline -0.003 -21"><span class='ocrx_word' id='word_1_152' title='bbox 359 3621 533 3677; x_wconf 88' lang='lat' dir='ltr'><strong>ram,</strong></span> <span class='ocrx_word' id='word_1_153' title='bbox 592 3599 722 3664; x_wconf 86' lang='lat' dir='ltr'><strong>nisi</strong></span> <span class='ocrx_word' id='word_1_154' title='bbox 780 3597 958 3685; x_wconf 83' lang='lat' dir='ltr'><strong>quod</strong></span> <span class='ocrx_word' id='word_1_155' title='bbox 1012 3619 1135 3684; x_wconf 90' lang='lat' dir='ltr'><strong>pro</strong></span> <span class='ocrx_word' id='word_1_156' title='bbox 1193 3598 1435 3663; x_wconf 84' lang='lat' dir='ltr'><strong>bacillo</strong></span> <span class='ocrx_word' id='word_1_157' title='bbox 1493 3600 1854 3664; x_wconf 76' lang='lat' dir='ltr'><strong>caduceum</strong></span> 
     </span>
     <span class='ocr_line' id='line_1_33' title="bbox 357 3701 1857 3791; baseline -0.001 -27"><span class='ocrx_word' id='word_1_158' title='bbox 357 3701 630 3766; x_wconf 79' lang='lat' dir='ltr'><strong>dextera</strong></span> <span class='ocrx_word' id='word_1_159' title='bbox 677 3701 1009 3791; x_wconf 80' lang='lat' dir='ltr'><strong>praefert,</strong></span> <span class='ocrx_word' id='word_1_160' title='bbox 1059 3703 1345 3788; x_wconf 87' lang='lat' dir='ltr'><strong>proponi</strong></span> <span class='ocrx_word' id='word_1_161' title='bbox 1390 3701 1586 3766; x_wconf 86' lang='lat' dir='ltr'><strong>etiam</strong></span> <span class='ocrx_word' id='word_1_162' title='bbox 1631 3701 1699 3763; x_wconf 90' lang='lat' dir='ltr'><strong>in</strong></span> <span class='ocrx_word' id='word_1_163' title='bbox 1740 3704 1857 3763; x_wconf 64' lang='lat' dir='ltr'><strong>nul·</strong></span> 
     </span>
     <span class='ocr_line' id='line_1_34' title="bbox 356 3803 1857 3888; baseline -0.001 -22"><span class='ocrx_word' id='word_1_164' title='bbox 356 3803 479 3866; x_wconf 88' lang='lat' dir='ltr'><strong>mis</strong></span> <span class='ocrx_word' id='word_1_165' title='bbox 525 3805 808 3888; x_wconf 78' lang='lat' dir='ltr'><strong>Augusti</strong></span> <span class='ocrx_word' id='word_1_166' title='bbox 855 3803 939 3867; x_wconf 81' lang='lat' dir='ltr'><strong>ad</strong></span> <span class='ocrx_word' id='word_1_167' title='bbox 980 3826 1216 3867; x_wconf 89' lang='lat' dir='ltr'><strong>annum</strong></span> <span class='ocrx_word' id='word_1_168' title='bbox 1261 3806 1347 3872; x_wconf 86' lang='lat' dir='ltr'><strong>V.</strong></span> <span class='ocrx_word' id='word_1_169' title='bbox 1383 3805 1457 3870; x_wconf 92' lang='lat' dir='ltr'><strong>C.</strong></span> <span class='ocrx_word' id='word_1_170' title='bbox 1499 3804 1667 3888; x_wconf 80' lang='lat'><strong>737,</strong></span> <span class='ocrx_word' id='word_1_171' title='bbox 1718 3815 1857 3866; x_wconf 87' lang='lat' dir='ltr'><strong>tum</strong></span> 
     </span>
     <span class='ocr_line' id='line_1_35' title="bbox 357 3905 1849 3990; baseline -0.001 -21"><span class='ocrx_word' id='word_1_172' title='bbox 357 3920 427 3969; x_wconf 89' lang='lat' dir='ltr'><strong>et</strong></span> <span class='ocrx_word' id='word_1_173' title='bbox 468 3908 680 3989; x_wconf 88' lang='lat' dir='ltr'><strong>gentis</strong></span> <span class='ocrx_word' id='word_1_174' title='bbox 727 3905 1151 3990; x_wconf 85' lang='lat' dir='ltr'><strong>Sanquiniae,</strong></span> <span class='ocrx_word' id='word_1_175' title='bbox 1212 3906 1479 3990; x_wconf 88' lang='lat' dir='ltr'><strong>signatis</strong></span> <span class='ocrx_word' id='word_1_176' title='bbox 1527 3906 1688 3968; x_wconf 88' lang='lat' dir='ltr'><strong>item</strong></span> <span class='ocrx_word' id='word_1_177' title='bbox 1741 3923 1849 3967; x_wconf 90' lang='lat' dir='ltr'><strong>oc·</strong></span> 
     </span>
    </p>
   </div>
   <div class='ocr_carea' id='block_1_11' title="bbox 3322 617 3467 688">
    <p class='ocr_par' dir='ltr' id='par_1_16' title="bbox 3322 617 3467 688">
     <span class='ocr_line' id='line_1_36' title="bbox 3322 617 3467 688; baseline 0.028 -3"><span class='ocrx_word' id='word_1_178' title='bbox 3322 617 3467 688; x_wconf 79' lang='lat'><strong>385</strong></span> 
     </span>
    </p>
   </div>
   <div class='ocr_carea' id='block_1_12' title="bbox 1959 759 3471 1235">
    <p class='ocr_par' dir='ltr' id='par_1_17' title="bbox 1959 759 3471 1235">
     <span class='ocr_line' id='line_1_37' title="bbox 1967 759 3471 849; baseline 0.006 -27"><span class='ocrx_word' id='word_1_179' title='bbox 1967 759 2401 844; x_wconf 73' lang='lat' dir='ltr'><strong>mulgentem,</strong></span> <span class='ocrx_word' id='word_1_180' title='bbox 2451 772 2521 821; x_wconf 89' lang='lat' dir='ltr'><strong>ut</strong></span> <span class='ocrx_word' id='word_1_181' title='bbox 2568 759 2690 841; x_wconf 87' lang='lat' dir='ltr'><strong>jam</strong></span> <span class='ocrx_word' id='word_1_182' title='bbox 2738 760 2818 823; x_wconf 78' lang='lat' dir='ltr'><strong>ad</strong></span> <span class='ocrx_word' id='word_1_183' title='bbox 2860 782 3092 827; x_wconf 80' lang='lat' dir='ltr'><strong>numos</strong></span> <span class='ocrx_word' id='word_1_184' title='bbox 3138 766 3329 849; x_wconf 87' lang='lat' dir='ltr'><strong>hujus</strong></span> <span class='ocrx_word' id='word_1_185' title='bbox 3371 793 3471 834; x_wconf 86' lang='lat' dir='ltr'><strong>ar-</strong></span> 
     </span>
     <span class='ocr_line' id='line_1_38' title="bbox 1969 861 3465 947; baseline 0.007 -23"><span class='ocrx_word' id='word_1_186' title='bbox 1969 861 2263 946; x_wconf 90' lang='lat' dir='ltr'><strong>gumenti</strong></span> <span class='ocrx_word' id='word_1_187' title='bbox 2329 861 2545 945; x_wconf 84' lang='lat' dir='ltr'><strong>gentis</strong></span> <span class='ocrx_word' id='word_1_188' title='bbox 2621 861 3011 947; x_wconf 80' lang='lat' dir='ltr'><strong>Sanquiniae</strong></span> <span class='ocrx_word' id='word_1_189' title='bbox 3087 865 3465 947; x_wconf 75' lang='lat' dir='ltr'><strong>observavi,</strong></span> 
     </span>
     <span class='ocr_line' id='line_1_39' title="bbox 1959 960 3466 1054; baseline 0.005 -29"><span class='ocrx_word' id='word_1_190' title='bbox 1959 963 2082 1026; x_wconf 89' lang='lat' dir='ltr'><strong>nisi</strong></span> <span class='ocrx_word' id='word_1_191' title='bbox 2133 961 2310 1025; x_wconf 80' lang='lat' dir='ltr'><strong>forte</strong></span> <span class='ocrx_word' id='word_1_192' title='bbox 2361 961 2484 1023; x_wconf 82' lang='lat' dir='ltr'><strong>fuit</strong></span> <span class='ocrx_word' id='word_1_193' title='bbox 2537 960 2792 1026; x_wconf 88' lang='lat' dir='ltr'><strong>habitus</strong></span> <span class='ocrx_word' id='word_1_194' title='bbox 2842 967 3132 1050; x_wconf 87' lang='lat' dir='ltr'><strong>ipsorum</strong></span> <span class='ocrx_word' id='word_1_195' title='bbox 3194 970 3466 1054; x_wconf 81' lang='lat' dir='ltr'><strong>quinde-</strong></span> 
     </span>
     <span class='ocr_line' id='line_1_40' title="bbox 1961 1063 3467 1156; baseline 0.006 -28"><span class='ocrx_word' id='word_1_196' title='bbox 1961 1063 2439 1140; x_wconf 82' lang='lat' dir='ltr'><strong>cumvirorum,</strong></span> <span class='ocrx_word' id='word_1_197' title='bbox 2474 1082 2790 1148; x_wconf 88' lang='lat' dir='ltr'><strong>quorum,</strong></span> <span class='ocrx_word' id='word_1_198' title='bbox 2836 1081 2905 1130; x_wconf 88' lang='lat' dir='ltr'><strong>ut</strong></span> <span class='ocrx_word' id='word_1_199' title='bbox 2941 1067 3110 1146; x_wconf 81' lang='lat' dir='ltr'><strong>dixi,</strong></span> <span class='ocrx_word' id='word_1_200' title='bbox 3153 1071 3278 1134; x_wconf 86' lang='lat' dir='ltr'><strong>fuit</strong></span> <span class='ocrx_word' id='word_1_201' title='bbox 3316 1095 3467 1156; x_wconf 87' lang='lat' dir='ltr'><strong>pro-</strong></span> 
     </span>
     <span class='ocr_line' id='line_1_41' title="bbox 1964 1165 2857 1235; baseline 0.004 -6"><span class='ocrx_word' id='word_1_202' title='bbox 1964 1185 2199 1230; x_wconf 89' lang='lat' dir='ltr'><strong>curare</strong></span> <span class='ocrx_word' id='word_1_203' title='bbox 2233 1165 2426 1228; x_wconf 81' lang='lat' dir='ltr'><strong>ludos</strong></span> <span class='ocrx_word' id='word_1_204' title='bbox 2464 1165 2857 1235; x_wconf 72' lang='lat' dir='ltr'><strong>saeculares.</strong></span> 
     </span>
    </p>
   </div>
   <div class='ocr_carea' id='block_1_13' title="bbox 1963 1268 3477 3990">
    <p class='ocr_par' dir='ltr' id='par_1_18' title="bbox 2255 1268 2600 1333">
     <span class='ocr_line' id='line_1_42' title="bbox 2255 1268 2600 1333; baseline 0.012 -4"><span class='ocrx_word' id='word_1_205' title='bbox 2255 1271 2350 1329; x_wconf 85' lang='lat' dir='ltr'><strong>Vt</strong></span> <span class='ocrx_word' id='word_1_206' title='bbox 2387 1268 2495 1329; x_wconf 80' lang='lat' dir='ltr'><strong>lit.</strong></span> <span class='ocrx_word' id='word_1_207' title='bbox 2530 1270 2600 1333; x_wconf 85' lang='lat' dir='ltr'><strong>C.</strong></span> 
     </span>
    </p>

    <p class='ocr_par' dir='ltr' id='par_1_19' title="bbox 1963 1368 3477 2052">
     <span class='ocr_line' id='line_1_43' title="bbox 1966 1368 3465 1441; baseline 0.006 -9"><span class='ocrx_word' id='word_1_208' title='bbox 1966 1368 2162 1435; x_wconf 88' lang='lat' dir='ltr'><strong>COS.</strong></span> <span class='ocrx_word' id='word_1_209' title='bbox 2204 1369 2406 1434; x_wconf 81' lang='lat' dir='ltr'><strong>xlm.</strong></span> <span class='ocrx_word' id='word_1_210' title='bbox 2461 1369 2668 1436; x_wconf 86' lang='lat' dir='ltr'><strong>LVD.</strong></span> <span class='ocrx_word' id='word_1_211' title='bbox 2724 1371 2968 1438; x_wconf 71' lang='lat' dir='ltr'><strong>SAEC.</strong></span> <span class='ocrx_word' id='word_1_212' title='bbox 3031 1373 3225 1441; x_wconf 88' lang='lat' dir='ltr'><strong>FEC.</strong></span> <span class='ocrx_word' id='word_1_213' title='bbox 3259 1377 3349 1441; x_wconf 82' lang='grc'><strong>’8.</strong></span> <span class='ocrx_word' id='word_1_214' title='bbox 3393 1380 3465 1441; x_wconf 79' lang='lat' dir='ltr'><strong>G.</strong></span> 
     </span>
     <span class='ocr_line' id='line_1_44' title="bbox 1969 1468 3476 1558; baseline 0.007 -25"><span class='ocrx_word' id='word_1_215' title='bbox 1969 1468 2339 1552; x_wconf 73' lang='lat' dir='ltr'><strong>Imperator</strong></span> <span class='ocrx_word' id='word_1_216' title='bbox 2380 1482 2655 1552; x_wconf 83' lang='lat' dir='ltr'><strong>togatus</strong></span> <span class='ocrx_word' id='word_1_217' title='bbox 2698 1484 2888 1536; x_wconf 83' lang='lat' dir='ltr'><strong>stans</strong></span> <span class='ocrx_word' id='word_1_218' title='bbox 2928 1475 3017 1536; x_wconf 62' lang='lat' dir='ltr'><strong>d:</strong></span> <span class='ocrx_word' id='word_1_219' title='bbox 3028 1490 3334 1554; x_wconf 82' lang='lat' dir='ltr'><strong>pateram</strong></span> <span class='ocrx_word' id='word_1_220' title='bbox 3361 1484 3476 1558; x_wconf 27' lang='lat' dir='ltr'><strong>,ad</strong></span> 
     </span>
     <span class='ocr_line' id='line_1_45' title="bbox 1972 1567 3473 1654; baseline 0.006 -20"><span class='ocrx_word' id='word_1_221' title='bbox 1972 1589 2163 1634; x_wconf 82' lang='lat' dir='ltr'><strong>aram</strong></span> <span class='ocrx_word' id='word_1_222' title='bbox 2202 1567 2548 1654; x_wconf 71' lang='lat' dir='ltr'><strong>sacrificat</strong></span> <span class='ocrx_word' id='word_1_223' title='bbox 2565 1591 2586 1651; x_wconf 83' lang='lat'>3</span> <span class='ocrx_word' id='word_1_224' title='bbox 2646 1571 2809 1635; x_wconf 74' lang='lat' dir='ltr'><strong>hine</strong></span> <span class='ocrx_word' id='word_1_225' title='bbox 2851 1575 3093 1637; x_wconf 84' lang='lat' dir='ltr'><strong>mulier</strong></span> <span class='ocrx_word' id='word_1_226' title='bbox 3137 1576 3330 1641; x_wconf 72' lang='lat' dir='ltr'><strong>humi</strong></span> <span class='ocrx_word' id='word_1_227' title='bbox 3375 1602 3473 1643; x_wconf 88' lang='lat' dir='ltr'><strong>sc-</strong></span> 
     </span>
     <span class='ocr_line' id='line_1_46' title="bbox 1968 1673 3477 1755; baseline 0.007 -20"><span class='ocrx_word' id='word_1_228' title='bbox 1968 1674 2168 1749; x_wconf 80' lang='lat' dir='ltr'><strong>dens,</strong></span> <span class='ocrx_word' id='word_1_229' title='bbox 2231 1683 2302 1733; x_wconf 80' lang='lat' dir='ltr'><strong>et</strong></span> <span class='ocrx_word' id='word_1_230' title='bbox 2361 1673 2426 1736; x_wconf 88' lang='lat' dir='ltr'><strong>d.</strong></span> <span class='ocrx_word' id='word_1_231' title='bbox 2469 1676 2909 1755; x_wconf 74' lang='lat' dir='ltr'><strong>cornucopiae</strong></span> <span class='ocrx_word' id='word_1_232' title='bbox 2953 1687 3218 1754; x_wconf 76' lang='lat' dir='ltr'><strong>tenens,</strong></span> <span class='ocrx_word' id='word_1_233' title='bbox 3281 1679 3477 1744; x_wconf 84' lang='lat' dir='ltr'><strong>illine</strong></span> 
     </span>
     <span class='ocr_line' id='line_1_47' title="bbox 1963 1777 3475 1857; baseline 0.007 -25"><span class='ocrx_word' id='word_1_234' title='bbox 1963 1792 2137 1854; x_wconf 84' lang='lat' dir='ltr'><strong>popa</strong></span> <span class='ocrx_word' id='word_1_235' title='bbox 2196 1792 2471 1855; x_wconf 73' lang='lat' dir='ltr'><strong>por-ctam</strong></span> <span class='ocrx_word' id='word_1_236' title='bbox 2520 1777 2851 1852; x_wconf 81' lang='lat' dir='ltr'><strong>attinens,</strong></span> <span class='ocrx_word' id='word_1_237' title='bbox 2910 1796 3084 1857; x_wconf 88' lang='lat' dir='ltr'><strong>pone</strong></span> <span class='ocrx_word' id='word_1_238' title='bbox 3145 1778 3475 1843; x_wconf 78' lang='lat' dir='ltr'><strong>citharoe-</strong></span> 
     </span>
     <span class='ocr_line' id='line_1_48' title="bbox 1971 1873 3472 1958; baseline 0.005 -23"><span class='ocrx_word' id='word_1_239' title='bbox 1971 1874 2128 1948; x_wconf 82' lang='lat' dir='ltr'><strong>dus,</strong></span> <span class='ocrx_word' id='word_1_240' title='bbox 2172 1885 2236 1935; x_wconf 80' lang='lat' dir='ltr'><strong>et</strong></span> <span class='ocrx_word' id='word_1_241' title='bbox 2274 1874 2542 1936; x_wconf 78' lang='lat' dir='ltr'><strong>tibicen.</strong></span> <span class='ocrx_word' id='word_1_242' title='bbox 2586 1873 2728 1938; x_wconf 83' lang='grc' dir='ltr'><strong>ΑΕ.</strong></span> <span class='ocrx_word' id='word_1_243' title='bbox 2770 1877 2821 1941; x_wconf 91' lang='lat'><strong>1.</strong></span> <span class='ocrx_word' id='word_1_244' title='bbox 2869 1879 3069 1958; x_wconf 75' lang='lat' dir='ltr'><strong>(Mus.</strong></span> <span class='ocrx_word' id='word_1_245' title='bbox 3102 1878 3293 1940; x_wconf 89' lang='lat' dir='ltr'><strong>Farn.</strong></span> <span class='ocrx_word' id='word_1_246' title='bbox 3331 1883 3472 1943; x_wconf 84' lang='lat' dir='ltr'><strong>Mo·</strong></span> 
     </span>
     <span class='ocr_line' id='line_1_49' title="bbox 1969 1971 2406 2052; baseline -0.005 -17"><span class='ocrx_word' id='word_1_247' title='bbox 1969 1971 2179 2052; x_wconf 84' lang='lat' dir='ltr'><strong>rel-li.)</strong></span> <span class='ocrx_word' id='word_1_248' title='bbox 2393 1977 2406 1987; x_wconf 87' lang='grc'><em>“</em></span> 
     </span>
    </p>

    <p class='ocr_par' dir='ltr' id='par_1_20' title="bbox 1968 2072 3475 3487">
     <span class='ocr_line' id='line_1_50' title="bbox 2095 2072 3465 2163; baseline 0.007 -27"><span class='ocrx_word' id='word_1_249' title='bbox 2095 2072 2263 2151; x_wconf 82' lang='lat' dir='ltr'><strong>Hic,</strong></span> <span class='ocrx_word' id='word_1_250' title='bbox 2312 2086 2380 2137; x_wconf 90' lang='lat' dir='ltr'><strong>et</strong></span> <span class='ocrx_word' id='word_1_251' title='bbox 2425 2089 2775 2158; x_wconf 79' lang='lat' dir='ltr'><strong>sequentes</strong></span> <span class='ocrx_word' id='word_1_252' title='bbox 2818 2077 2999 2139; x_wconf 88' lang='lat' dir='ltr'><strong>numi</strong></span> <span class='ocrx_word' id='word_1_253' title='bbox 3035 2081 3306 2163; x_wconf 77' lang='lat' dir='ltr'><strong>egregie</strong></span> <span class='ocrx_word' id='word_1_254' title='bbox 3345 2102 3465 2145; x_wconf 90' lang='lat' dir='ltr'><strong>nos</strong></span> 
     </span>
     <span class='ocr_line' id='line_1_51' title="bbox 1968 2173 3470 2245; baseline 0.006 -9"><span class='ocrx_word' id='word_1_255' title='bbox 1968 2173 2378 2237; x_wconf 80' lang='lat' dir='ltr'><strong>in‘ludorum</strong></span> <span class='ocrx_word' id='word_1_256' title='bbox 2413 2176 2839 2240; x_wconf 87' lang='lat' dir='ltr'><strong>saecularium</strong></span> <span class='ocrx_word' id='word_1_257' title='bbox 2874 2175 3288 2244; x_wconf 81' lang='lat' dir='ltr'><strong>caerimoniis</strong></span> <span class='ocrx_word' id='word_1_258' title='bbox 3322 2204 3470 2245; x_wconf 87' lang='lat' dir='ltr'><strong>eru·</strong></span> 
     </span>
     <span class='ocr_line' id='line_1_52' title="bbox 1968 2274 3468 2365; baseline 0.006 -27"><span class='ocrx_word' id='word_1_259' title='bbox 1968 2274 2184 2354; x_wconf 81' lang='lat' dir='ltr'><strong>diunt,</strong></span> <span class='ocrx_word' id='word_1_260' title='bbox 2216 2290 2284 2340; x_wconf 90' lang='lat' dir='ltr'><strong>et</strong></span> <span class='ocrx_word' id='word_1_261' title='bbox 2316 2277 2610 2360; x_wconf 90' lang='lat' dir='ltr'><strong>apposite</strong></span> <span class='ocrx_word' id='word_1_262' title='bbox 2645 2276 2727 2341; x_wconf 84' lang='lat' dir='ltr'><strong>ad</strong></span> <span class='ocrx_word' id='word_1_263' title='bbox 2765 2300 2876 2354; x_wconf 88' lang='lat' dir='ltr'><strong>ea,</strong></span> <span class='ocrx_word' id='word_1_264' title='bbox 2899 2301 3074 2365; x_wconf 86' lang='lat' dir='ltr'><strong>quae</strong></span> <span class='ocrx_word' id='word_1_265' title='bbox 3119 2281 3203 2345; x_wconf 87' lang='lat' dir='ltr'><strong>de</strong></span> <span class='ocrx_word' id='word_1_266' title='bbox 3237 2303 3468 2347; x_wconf 86' lang='lat' dir='ltr'><strong>eorum</strong></span> 
     </span>
     <span class='ocr_line' id='line_1_53' title="bbox 1970 2377 3474 2462; baseline 0.005 -21"><span class='ocrx_word' id='word_1_267' title='bbox 1970 2377 2231 2462; x_wconf 88' lang='lat' dir='ltr'><strong>origine</strong></span> <span class='ocrx_word' id='word_1_268' title='bbox 2277 2392 2341 2442; x_wconf 91' lang='lat' dir='ltr'><strong>et</strong></span> <span class='ocrx_word' id='word_1_269' title='bbox 2385 2379 2515 2441; x_wconf 89' lang='lat' dir='ltr'><strong>ritu</strong></span> <span class='ocrx_word' id='word_1_270' title='bbox 2554 2378 2921 2445; x_wconf 84' lang='lat' dir='ltr'><strong>liberaliter</strong></span> <span class='ocrx_word' id='word_1_271' title='bbox 2954 2400 3474 2448; x_wconf 88' lang='lat' dir='ltr'><strong>commemorant</strong></span> 
     </span>
     <span class='ocr_line' id='line_1_54' title="bbox 1970 2479 3474 2568; baseline 0.002 -21"><span class='ocrx_word' id='word_1_272' title='bbox 1970 2480 2281 2547; x_wconf 86' lang='lat' dir='ltr'><strong>Valerius</strong></span> <span class='ocrx_word' id='word_1_273' title='bbox 2321 2479 2644 2544; x_wconf 79' lang='lat' dir='ltr'><strong>Maximus</strong></span> <span class='ocrx_word' id='word_1_274' title='bbox 2676 2483 2773 2561; x_wconf 76' lang='lat'><strong>0),</strong></span> <span class='ocrx_word' id='word_1_275' title='bbox 2821 2497 2889 2546; x_wconf 87' lang='lat' dir='ltr'><strong>et</strong></span> <span class='ocrx_word' id='word_1_276' title='bbox 2928 2486 3306 2568; x_wconf 86' lang='lat' dir='ltr'><strong>cumprimis</strong></span> <span class='ocrx_word' id='word_1_277' title='bbox 3349 2489 3474 2550; x_wconf 89' lang='lat' dir='ltr'><strong>Zo-</strong></span> 
     </span>
     <span class='ocr_line' id='line_1_55' title="bbox 1974 2579 3475 2672; baseline 0.005 -30"><span class='ocrx_word' id='word_1_278' title='bbox 1974 2579 2291 2663; x_wconf 18' lang='lat' dir='ltr'><strong>simusssd).</strong></span> <span class='ocrx_word' id='word_1_279' title='bbox 2338 2583 2411 2642; x_wconf 81' lang='lat'><strong>111</strong></span> <span class='ocrx_word' id='word_1_280' title='bbox 2446 2596 2794 2664; x_wconf 84' lang='lat' dir='ltr'><strong>praesente</strong></span> <span class='ocrx_word' id='word_1_281' title='bbox 2827 2606 3027 2649; x_wconf 87' lang='lat' dir='ltr'><strong>numo</strong></span> <span class='ocrx_word' id='word_1_282' title='bbox 3055 2586 3323 2672; x_wconf 81' lang='lat' dir='ltr'><strong>fingitur</strong></span> <span class='ocrx_word' id='word_1_283' title='bbox 3358 2587 3475 2650; x_wconf 91' lang='lat' dir='ltr'><strong>im-</strong></span> 
     </span>
     <span class='ocr_line' id='line_1_56' title="bbox 1970 2680 3473 2771; baseline 0.007 -28"><span class='ocrx_word' id='word_1_284' title='bbox 1970 2694 2239 2765; x_wconf 89' lang='lat' dir='ltr'><strong>perator</strong></span> <span class='ocrx_word' id='word_1_285' title='bbox 2278 2682 2480 2745; x_wconf 88' lang='lat' dir='ltr'><strong>sacris</strong></span> <span class='ocrx_word' id='word_1_286' title='bbox 2514 2680 2595 2745; x_wconf 85' lang='lat' dir='ltr'><strong>ad</strong></span> <span class='ocrx_word' id='word_1_287' title='bbox 2632 2704 2808 2747; x_wconf 89' lang='lat' dir='ltr'><strong>aram</strong></span> <span class='ocrx_word' id='word_1_288' title='bbox 2849 2704 3128 2768; x_wconf 88' lang='lat' dir='ltr'><strong>operans</strong></span> <span class='ocrx_word' id='word_1_289' title='bbox 3170 2687 3248 2751; x_wconf 84' lang='lat' dir='ltr'><strong>ad</strong></span> <span class='ocrx_word' id='word_1_290' title='bbox 3284 2689 3473 2771; x_wconf 88' lang='lat' dir='ltr'><strong>lyrae</strong></span> 
     </span>
     <span class='ocr_line' id='line_1_57' title="bbox 1973 2782 3471 2854; baseline 0.005 -7"><span class='ocrx_word' id='word_1_291' title='bbox 1973 2796 2045 2847; x_wconf 87' lang='lat' dir='ltr'><strong>et</strong></span> <span class='ocrx_word' id='word_1_292' title='bbox 2084 2782 2281 2846; x_wconf 86' lang='lat' dir='ltr'><strong>tibiae</strong></span> <span class='ocrx_word' id='word_1_293' title='bbox 2308 2798 2744 2852; x_wconf 73' lang='lat' dir='ltr'><strong>concentum..</strong></span> <span class='ocrx_word' id='word_1_294' title='bbox 2780 2787 2957 2851; x_wconf 89' lang='lat' dir='ltr'><strong>Iacet</strong></span> <span class='ocrx_word' id='word_1_295' title='bbox 3007 2788 3188 2850; x_wconf 87' lang='lat' dir='ltr'><strong>humi</strong></span> <span class='ocrx_word' id='word_1_296' title='bbox 3240 2791 3471 2854; x_wconf 86' lang='lat' dir='ltr'><strong>Tellus</strong></span> 
     </span>
     <span class='ocr_line' id='line_1_58' title="bbox 1972 2890 3473 2972; baseline 0.003 -25"><span class='ocrx_word' id='word_1_297' title='bbox 1972 2897 2216 2962; x_wconf 85' lang='lat' dir='ltr'><strong>mater,</strong></span> <span class='ocrx_word' id='word_1_298' title='bbox 2248 2904 2471 2970; x_wconf 84' lang='lat' dir='ltr'><strong>‘quam</strong></span> <span class='ocrx_word' id='word_1_299' title='bbox 2521 2899 2701 2950; x_wconf 90' lang='lat' dir='ltr'><strong>notat</strong></span> <span class='ocrx_word' id='word_1_300' title='bbox 2750 2891 3222 2972; x_wconf 88' lang='lat' dir='ltr'><strong>cornucopiae,</strong></span> <span class='ocrx_word' id='word_1_301' title='bbox 3285 2890 3473 2952; x_wconf 86' lang='lat' dir='ltr'><strong>nimi·</strong></span> 
     </span>
     <span class='ocr_line' id='line_1_59' title="bbox 1970 2985 3470 3073; baseline 0.004 -24"><span class='ocrx_word' id='word_1_302' title='bbox 1970 3002 2121 3049; x_wconf 85' lang='lat' dir='ltr'><strong>rum</strong></span> <span class='ocrx_word' id='word_1_303' title='bbox 2162 2985 2512 3051; x_wconf 80' lang='lat' dir='ltr'><strong>fecundam</strong></span> <span class='ocrx_word' id='word_1_304' title='bbox 2546 3009 2773 3053; x_wconf 89' lang='lat' dir='ltr'><strong>rerum</strong></span> <span class='ocrx_word' id='word_1_305' title='bbox 2810 3004 3148 3073; x_wconf 88' lang='lat' dir='ltr'><strong>parentem</strong></span> <span class='ocrx_word' id='word_1_306' title='bbox 3172 3036 3191 3068; x_wconf 98' lang='lat'><strong>,</strong></span> <span class='ocrx_word' id='word_1_307' title='bbox 3243 3005 3312 3056; x_wconf 90' lang='lat' dir='ltr'><strong>et</strong></span> <span class='ocrx_word' id='word_1_308' title='bbox 3361 2992 3470 3055; x_wconf 82' lang='lat' dir='ltr'><strong>ad-</strong></span> 
     </span>
     <span class='ocr_line' id='line_1_60' title="bbox 1971 3087 3469 3174; baseline 0.005 -24"><span class='ocrx_word' id='word_1_309' title='bbox 1971 3087 2237 3152; x_wconf 82' lang='lat' dir='ltr'><strong>ducitur</strong></span> <span class='ocrx_word' id='word_1_310' title='bbox 2273 3108 2513 3172; x_wconf 89' lang='lat' dir='ltr'><strong>porca,</strong></span> <span class='ocrx_word' id='word_1_311' title='bbox 2564 3110 2801 3174; x_wconf 87' lang='lat' dir='ltr'><strong>nempe</strong></span> <span class='ocrx_word' id='word_1_312' title='bbox 2835 3092 3094 3155; x_wconf 86' lang='lat' dir='ltr'><strong>Telluri</strong></span> <span class='ocrx_word' id='word_1_313' title='bbox 3133 3094 3469 3158; x_wconf 88' lang='lat' dir='ltr'><strong>immolan-</strong></span> 
     </span>
     <span class='ocr_line' id='line_1_61' title="bbox 1971 3188 3467 3278; baseline 0.005 -27"><span class='ocrx_word' id='word_1_314' title='bbox 1971 3188 2084 3267; x_wconf 84' lang='lat' dir='ltr'><strong>da,</strong></span> <span class='ocrx_word' id='word_1_315' title='bbox 2151 3189 2329 3271; x_wconf 84' lang='lat' dir='ltr'><strong>quod</strong></span> <span class='ocrx_word' id='word_1_316' title='bbox 2375 3190 2586 3274; x_wconf 85' lang='lat' dir='ltr'><strong>ipsum</strong></span> <span class='ocrx_word' id='word_1_317' title='bbox 2632 3207 3058 3278; x_wconf 81' lang='lat' dir='ltr'><strong>praeceptum</strong></span> <span class='ocrx_word' id='word_1_318' title='bbox 3110 3208 3211 3258; x_wconf 90' lang='lat' dir='ltr'><strong>est</strong></span> <span class='ocrx_word' id='word_1_319' title='bbox 3262 3196 3467 3260; x_wconf 79' lang='lat' dir='ltr'><strong>versi·</strong></span> 
     </span>
     <span class='ocr_line' id='line_1_62' title="bbox 1968 3291 3472 3374; baseline 0.003 -19"><span class='ocrx_word' id='word_1_320' title='bbox 1968 3292 2091 3355; x_wconf 88' lang='lat' dir='ltr'><strong>bus</strong></span> <span class='ocrx_word' id='word_1_321' title='bbox 2127 3291 2465 3374; x_wconf 82' lang='lat' dir='ltr'><strong>Sibyllinis</strong></span> <span class='ocrx_word' id='word_1_322' title='bbox 2501 3294 2675 3356; x_wconf 89' lang='lat' dir='ltr'><strong>inter</strong></span> <span class='ocrx_word' id='word_1_323' title='bbox 2709 3294 2872 3359; x_wconf 89' lang='lat' dir='ltr'><strong>hacc</strong></span> <span class='ocrx_word' id='word_1_324' title='bbox 2911 3294 3215 3359; x_wconf 85' lang='lat' dir='ltr'><strong>ludorum</strong></span> <span class='ocrx_word' id='word_1_325' title='bbox 3256 3299 3472 3362; x_wconf 89' lang='lat' dir='ltr'><strong>solen·</strong></span> 
     </span>
     <span class='ocr_line' id='line_1_63' title="bbox 1969 3391 3424 3487; baseline 0.003 -31"><span class='ocrx_word' id='word_1_326' title='bbox 1969 3393 2076 3487; x_wconf 83' lang='lat' dir='ltr'><strong>nia</strong></span> <span class='ocrx_word' id='word_1_327' title='bbox 2116 3391 2298 3471; x_wconf 86' lang='lat' dir='ltr'><strong>fieri,</strong></span> <span class='ocrx_word' id='word_1_328' title='bbox 2343 3414 2506 3479; x_wconf 83' lang='lat' dir='ltr'><strong>quos</strong></span> <span class='ocrx_word' id='word_1_329' title='bbox 2542 3396 2668 3460; x_wconf 87' lang='lat' dir='ltr'><strong>hoc</strong></span> <span class='ocrx_word' id='word_1_330' title='bbox 2705 3396 2858 3462; x_wconf 88' lang='lat' dir='ltr'><strong>loco</strong></span> <span class='ocrx_word' id='word_1_331' title='bbox 2896 3399 3063 3485; x_wconf 79' lang='lat' dir='ltr'><strong>sistit</strong></span> <span class='ocrx_word' id='word_1_332' title='bbox 3095 3400 3424 3463; x_wconf 82' lang='lat' dir='ltr'><strong>Zosimus=</strong></span> 
     </span>
    </p>

    <p class='ocr_par' dir='ltr' id='par_1_21' title="bbox 2841 3493 3310 3585">
     <span class='ocr_line' id='line_1_64' title="bbox 2841 3493 3310 3585; baseline 0.002 -24"><span class='ocrx_word' id='word_1_333' title='bbox 2841 3497 2989 3562; x_wconf 67' lang='lat' dir='ltr'><strong>duSt</strong></span> <span class='ocrx_word' id='word_1_334' title='bbox 3033 3493 3100 3562; x_wconf 69' lang='grc' dir='ltr'><strong>δε</strong></span> <span class='ocrx_word' id='word_1_335' title='bbox 3142 3496 3202 3561; x_wconf 85' lang='grc' dir='ltr'><strong>Γ</strong></span> <span class='ocrx_word' id='word_1_336' title='bbox 3205 3527 3310 3585; x_wconf 61' lang='lat' dir='ltr'><strong>ue„</strong></span> 
     </span>
    </p>

    <p class='ocr_par' dir='ltr' id='par_1_22' title="bbox 2101 3591 3466 3687">
     <span class='ocr_line' id='line_1_65' title="bbox 2101 3591 3466 3687; baseline 0.005 -29"><span class='ocrx_word' id='word_1_337' title='bbox 2101 3591 2487 3683; x_wconf 70' lang='grc' dir='ltr'><strong>Πληθυμενῃ</strong></span> <span class='ocrx_word' id='word_1_338' title='bbox 2521 3620 2730 3686; x_wconf 74' lang='grc' dir='ltr'><em>χωρας</em></span> <span class='ocrx_word' id='word_1_339' title='bbox 2766 3624 2837 3664; x_wconf 76' lang='grc' dir='ltr'><strong>τε</strong></span> <span class='ocrx_word' id='word_1_340' title='bbox 2872 3624 2970 3662; x_wconf 79' lang='grc' dir='ltr'><strong>και</strong></span> <span class='ocrx_word' id='word_1_341' title='bbox 3009 3601 3077 3678; x_wconf 73' lang='grc' dir='ltr'><strong>ὗς</strong></span> <span class='ocrx_word' id='word_1_342' title='bbox 3111 3606 3328 3684; x_wconf 62' lang='lat' dir='ltr'><strong>neom</strong></span> <span class='ocrx_word' id='word_1_343' title='bbox 3364 3626 3466 3687; x_wconf 79' lang='grc' dir='ltr'><strong>με·</strong></span> 
     </span>
    </p>

    <p class='ocr_par' dir='ltr' id='par_1_23' title="bbox 2091 3706 3471 3990">
     <span class='ocr_line' id='line_1_66' title="bbox 2843 3706 3047 3769; baseline 0.025 -5"><span class='ocrx_word' id='word_1_344' title='bbox 2843 3706 3047 3769; x_wconf 53' lang='lat' dir='ltr'><strong>auem.</strong></span> 
     </span>
     <span class='ocr_line' id='line_1_67' title="bbox 2564 3803 3306 3869; baseline 0.004 -5"><span class='ocrx_word' id='word_1_345' title='bbox 2564 3803 2802 3865; x_wconf 82' lang='lat' dir='ltr'><strong>deinde</strong></span> <span class='ocrx_word' id='word_1_346' title='bbox 2845 3825 2997 3867; x_wconf 77' lang='lat' dir='ltr'><strong>oet-o</strong></span> <span class='ocrx_word' id='word_1_347' title='bbox 3054 3806 3306 3869; x_wconf 80' lang='lat' dir='ltr'><strong>Telluri</strong></span> 
     </span>
     <span class='ocr_line' id='line_1_68' title="bbox 2091 3904 3471 3990; baseline 0.004 -25"><span class='ocrx_word' id='word_1_348' title='bbox 2091 3904 2327 3965; x_wconf 78' lang='lat' dir='ltr'><strong>Fer-aei</strong></span> <span class='ocrx_word' id='word_1_349' title='bbox 2339 3923 2604 3983; x_wconf 84' lang='lat' dir='ltr'><strong>porcus,</strong></span> <span class='ocrx_word' id='word_1_350' title='bbox 2632 3918 2701 3968; x_wconf 87' lang='lat' dir='ltr'><strong>et</strong></span> <span class='ocrx_word' id='word_1_351' title='bbox 2724 3926 2846 3967; x_wconf 83' lang='lat' dir='ltr'><strong>sus</strong></span> <span class='ocrx_word' id='word_1_352' title='bbox 2863 3907 3241 3969; x_wconf 81' lang='lat' dir='ltr'><strong>immoletur</strong></span> <span class='ocrx_word' id='word_1_353' title='bbox 3257 3911 3471 3990; x_wconf 79' lang='lat' dir='ltr'><strong>nigra.</strong></span> 
     </span>
    </p>
   </div>
   <div class='ocr_carea' id='block_1_14' title="bbox 356 4000 3466 4502">
    <p class='ocr_par' dir='ltr' id='par_1_24' title="bbox 356 4000 3466 4297">
     <span class='ocr_line' id='line_1_69' title="bbox 358 4000 3463 4094; baseline -0.001 -24"><span class='ocrx_word' id='word_1_354' title='bbox 358 4000 617 4071; x_wconf 74' lang='lat' dir='ltr'><strong>cesione</strong></span> <span class='ocrx_word' id='word_1_355' title='bbox 671 4005 977 4070; x_wconf 83' lang='lat' dir='ltr'><strong>ludorum</strong></span> <span class='ocrx_word' id='word_1_356' title='bbox 1028 4006 1460 4071; x_wconf 87' lang='lat' dir='ltr'><strong>saecularium</strong></span> <span class='ocrx_word' id='word_1_357' title='bbox 1509 4006 1630 4069; x_wconf 92' lang='lat' dir='ltr'><strong>illo</strong></span> <span class='ocrx_word' id='word_1_358' title='bbox 1683 4017 1849 4069; x_wconf 88' lang='lat' dir='ltr'><strong>tem·</strong></span> <span class='ocrx_word' id='word_1_359' title='bbox 1962 4002 2157 4075; x_wconf 71' lang='lat' dir='ltr'><strong>Vntle</strong></span> <span class='ocrx_word' id='word_1_360' title='bbox 2223 4017 2293 4066; x_wconf 91' lang='lat' dir='ltr'><strong>et</strong></span> <span class='ocrx_word' id='word_1_361' title='bbox 2355 4005 2665 4094; x_wconf 76' lang='lat' dir='ltr'><strong>Horatius</strong></span> <span class='ocrx_word' id='word_1_362' title='bbox 2734 4006 2910 4068; x_wconf 83' lang='lat' dir='ltr'><strong>inter</strong></span> <span class='ocrx_word' id='word_1_363' title='bbox 2972 4006 3096 4070; x_wconf 67' lang='lat' dir='ltr'><strong>alia</strong></span> <span class='ocrx_word' id='word_1_364' title='bbox 3162 4008 3422 4069; x_wconf 85' lang='lat' dir='ltr'><strong>numina</strong></span> <span class='ocrx_word' id='word_1_365' title='bbox 3446 4051 3463 4083; x_wconf 94' lang='lat'><strong>,</strong></span> 
     </span>
     <span class='ocr_line' id='line_1_70' title="bbox 356 4104 3466 4193; baseline -0.001 -22"><span class='ocrx_word' id='word_1_366' title='bbox 356 4128 522 4192; x_wconf 88' lang='lat' dir='ltr'><strong>pore</strong></span> <span class='ocrx_word' id='word_1_367' title='bbox 595 4108 944 4174; x_wconf 87' lang='lat' dir='ltr'><strong>obitorum.</strong></span> <span class='ocrx_word' id='word_1_368' title='bbox 1042 4106 1239 4175; x_wconf 79' lang='lat' dir='ltr'><strong>Vnde</strong></span> <span class='ocrx_word' id='word_1_369' title='bbox 1310 4107 1552 4193; x_wconf 88' lang='lat' dir='ltr'><strong>liquet,</strong></span> <span class='ocrx_word' id='word_1_370' title='bbox 1637 4107 1852 4173; x_wconf 84' lang='lat' dir='ltr'><strong>virum</strong></span> <span class='ocrx_word' id='word_1_371' title='bbox 1967 4104 2201 4190; x_wconf 89' lang='lat' dir='ltr'><strong>quibus</strong></span> <span class='ocrx_word' id='word_1_372' title='bbox 2244 4117 2388 4167; x_wconf 81' lang='lat' dir='ltr'><strong>tum</strong></span> <span class='ocrx_word' id='word_1_373' title='bbox 2429 4118 2579 4167; x_wconf 79' lang='lat' dir='ltr'><strong>vota</strong></span> <span class='ocrx_word' id='word_1_374' title='bbox 2621 4104 2769 4168; x_wconf 78' lang='lat' dir='ltr'><strong>fieri</strong></span> <span class='ocrx_word' id='word_1_375' title='bbox 2806 4126 3247 4186; x_wconf 79' lang='lat' dir='ltr'><strong>consuevere,</strong></span> <span class='ocrx_word' id='word_1_376' title='bbox 3295 4106 3466 4169; x_wconf 87' lang='lat' dir='ltr'><strong>&#39;&#39;I&#39;el-</strong></span> 
     </span>
     <span class='ocr_line' id='line_1_71' title="bbox 356 4206 2909 4297; baseline -0.002 -23"><span class='ocrx_word' id='word_1_377' title='bbox 356 4211 451 4275; x_wconf 88' lang='lat' dir='ltr'><strong>sic</strong></span> <span class='ocrx_word' id='word_1_378' title='bbox 503 4209 796 4274; x_wconf 80' lang='lat' dir='ltr'><strong>indutum</strong></span> <span class='ocrx_word' id='word_1_379' title='bbox 855 4230 1001 4276; x_wconf 90' lang='lat' dir='ltr'><strong>esse</strong></span> <span class='ocrx_word' id='word_1_380' title='bbox 1050 4208 1573 4297; x_wconf 85' lang='lat' dir='ltr'><strong>qualemcunque</strong></span> <span class='ocrx_word' id='word_1_381' title='bbox 1616 4209 1854 4273; x_wconf 87' lang='lat' dir='ltr'><strong>horum</strong></span> <span class='ocrx_word' id='word_1_382' title='bbox 1967 4207 2182 4271; x_wconf 89' lang='lat' dir='ltr'><strong>lurem</strong></span> <span class='ocrx_word' id='word_1_383' title='bbox 2226 4225 2490 4292; x_wconf 89' lang='lat' dir='ltr'><strong>quoque</strong></span> <span class='ocrx_word' id='word_1_384' title='bbox 2525 4206 2784 4272; x_wconf 77' lang='lat' dir='ltr'><strong>invocat</strong></span> <span class='ocrx_word' id='word_1_385' title='bbox 2813 4210 2909 4291; x_wconf 71' lang='lat'><strong>=)=</strong></span> 
     </span>
    </p>

    <p class='ocr_par' dir='ltr' id='par_1_25' title="bbox 357 4307 3415 4502">
     <span class='ocr_line' id='line_1_72' title="bbox 358 4307 3415 4393; baseline -0.001 -18"><span class='ocrx_word' id='word_1_386' title='bbox 358 4313 663 4378; x_wconf 83' lang='lat' dir='ltr'><strong>ludorum</strong></span> <span class='ocrx_word' id='word_1_387' title='bbox 684 4361 702 4391; x_wconf 92' lang='lat'><strong>,</strong></span> <span class='ocrx_word' id='word_1_388' title='bbox 748 4326 858 4377; x_wconf 85' lang='lat' dir='ltr'><strong>aut</strong></span> <span class='ocrx_word' id='word_1_389' title='bbox 888 4312 1427 4377; x_wconf 84' lang='lat' dir='ltr'><strong>caerimoniarum</strong></span> <span class='ocrx_word' id='word_1_390' title='bbox 1463 4308 1853 4388; x_wconf 88' lang='lat' dir='ltr'><strong>ministrum,</strong></span> <span class='ocrx_word' id='word_1_391' title='bbox 2094 4308 2373 4371; x_wconf 80' lang='lat' dir='ltr'><strong>Fertilis</strong></span> <span class='ocrx_word' id='word_1_392' title='bbox 2394 4310 2721 4393; x_wconf 82' lang='lat' dir='ltr'><strong>frugum,</strong></span> <span class='ocrx_word' id='word_1_393' title='bbox 2755 4311 3143 4388; x_wconf 77' lang='lat' dir='ltr'><strong>pecorisque</strong></span> <span class='ocrx_word' id='word_1_394' title='bbox 3192 4307 3415 4371; x_wconf 84' lang='lat' dir='ltr'><strong>Tellus</strong></span> 
     </span>
     <span class='ocr_line' id='line_1_73' title="bbox 357 4404 3298 4502; baseline -0.002 -24"><span class='ocrx_word' id='word_1_395' title='bbox 357 4435 432 4478; x_wconf 87' lang='lat' dir='ltr'><strong>ae</strong></span> <span class='ocrx_word' id='word_1_396' title='bbox 486 4414 935 4482; x_wconf 79' lang='lat' dir='ltr'><strong>verisimiliter</strong></span> <span class='ocrx_word' id='word_1_397' title='bbox 989 4435 1388 4502; x_wconf 82' lang='lat' dir='ltr'><strong>praeconem</strong></span> <span class='ocrx_word' id='word_1_398' title='bbox 1446 4412 1641 4478; x_wconf 77' lang='lat' dir='ltr'><strong>ludos</strong></span> <span class='ocrx_word' id='word_1_399' title='bbox 1704 4430 1857 4501; x_wconf 88' lang='lat' dir='ltr'><strong>pro-</strong></span> <span class='ocrx_word' id='word_1_400' title='bbox 2100 4409 2340 4493; x_wconf 72' lang='lat' dir='ltr'><strong>Spicea</strong></span> <span class='ocrx_word' id='word_1_401' title='bbox 2382 4413 2585 4474; x_wconf 78' lang='lat' dir='ltr'><strong>donet</strong></span> <span class='ocrx_word' id='word_1_402' title='bbox 2633 4412 2928 4475; x_wconf 84' lang='lat' dir='ltr'><strong>Cererem</strong></span> <span class='ocrx_word' id='word_1_403' title='bbox 2974 4429 3239 4474; x_wconf 81' lang='lat' dir='ltr'><strong>corona.</strong></span> <span class='ocrx_word' id='word_1_404' title='bbox 3283 4404 3298 4417; x_wconf 82' lang='lat'>&#39;</span> 
     </span>
    </p>
   </div>
   <div class='ocr_carea' id='block_1_15' title="bbox 367 4585 3447 4618">
    <p class='ocr_par' dir='ltr' id='par_1_26' title="bbox 367 4585 3447 4618">
     <span class='ocr_line' id='line_1_74' title="bbox 367 4585 3447 4618; baseline 0 966"><span class='ocrx_word' id='word_1_405' title='bbox 367 4585 3447 4618; x_wconf 95' lang='lat' dir='ltr'><strong> </strong></span> 
     </span>
    </p>
   </div>
   <div class='ocr_carea' id='block_1_16' title="bbox 2242 4670 2278 4691">
    <p class='ocr_par' dir='ltr' id='par_1_27' title="bbox 2242 4670 2278 4691">
     <span class='ocr_line' id='line_1_75' title="bbox 2242 4670 2278 4691; baseline 0 -2"><span class='ocrx_word' id='word_1_406' title='bbox 2242 4670 2278 4691; x_wconf 56' lang='lat' dir='ltr'><em>O</em></span> 
     </span>
    </p>
   </div>
   <div class='ocr_carea' id='block_1_17' title="bbox 356 4664 3473 5002">
    <p class='ocr_par' dir='ltr' id='par_1_28' title="bbox 356 4664 3473 5002">
     <span class='ocr_line' id='line_1_76' title="bbox 356 4664 3473 4803; baseline -0.001 -30"><span class='ocrx_word' id='word_1_407' title='bbox 356 4784 369 4803; x_wconf 29' lang='grc' dir='ltr'>ι</span> <span class='ocrx_word' id='word_1_408' title='bbox 436 4720 499 4790; x_wconf 84' lang='lat' dir='ltr'><strong>a)</strong></span> <span class='ocrx_word' id='word_1_409' title='bbox 537 4718 637 4778; x_wconf 79' lang='lat' dir='ltr'><strong>Ad</strong></span> <span class='ocrx_word' id='word_1_410' title='bbox 661 4717 914 4777; x_wconf 80' lang='lat' dir='ltr'><strong>Morellii</strong></span> <span class='ocrx_word' id='word_1_411' title='bbox 942 4719 1134 4797; x_wconf 86' lang='lat' dir='ltr'><strong>Impp.</strong></span> <span class='ocrx_word' id='word_1_412' title='bbox 1162 4719 1232 4778; x_wconf 83' lang='grc' dir='ltr'><strong>Τ.</strong></span> <span class='ocrx_word' id='word_1_413' title='bbox 1249 4718 1326 4777; x_wconf 93' lang='lat'><strong>11.</strong></span> <span class='ocrx_word' id='word_1_414' title='bbox 1354 4737 1418 4795; x_wconf 91' lang='lat' dir='ltr'><strong>p.</strong></span> <span class='ocrx_word' id='word_1_415' title='bbox 1436 4725 1563 4782; x_wconf 81' lang='grc'><strong>427.</strong></span> <span class='ocrx_word' id='word_1_416' title='bbox 1632 4698 1641 4705; x_wconf 47' lang='grc'><em>”</em></span> <span class='ocrx_word' id='word_1_417' title='bbox 1783 4716 1856 4791; x_wconf 82' lang='lat' dir='ltr'><strong>b)</strong></span> <span class='ocrx_word' id='word_1_418' title='bbox 1891 4732 2031 4794; x_wconf 83' lang='lat' dir='ltr'><strong>pag.</strong></span> <span class='ocrx_word' id='word_1_419' title='bbox 2051 4721 2178 4788; x_wconf 77' lang='grc'><strong>429.</strong></span> <span class='ocrx_word' id='word_1_420' title='bbox 2401 4714 2464 4786; x_wconf 84' lang='grc' dir='ltr'><strong>ο)</strong></span> <span class='ocrx_word' id='word_1_421' title='bbox 2501 4713 2566 4772; x_wconf 90' lang='lat' dir='ltr'><strong>L.</strong></span> <span class='ocrx_word' id='word_1_422' title='bbox 2585 4712 2661 4775; x_wconf 91' lang='lat'><strong>11.</strong></span> <span class='ocrx_word' id='word_1_423' title='bbox 2696 4732 2748 4772; x_wconf 87' lang='lat' dir='ltr'><strong>c.</strong></span> <span class='ocrx_word' id='word_1_424' title='bbox 2771 4664 2826 4775; x_wconf 79' lang='grc'><strong>4.</strong></span> <span class='ocrx_word' id='word_1_425' title='bbox 2855 4714 2905 4787; x_wconf 85' lang='lat'><strong>§.</strong></span> <span class='ocrx_word' id='word_1_426' title='bbox 2928 4723 2981 4777; x_wconf 82' lang='lat'><strong>5.</strong></span> <span class='ocrx_word' id='word_1_427' title='bbox 3204 4713 3276 4789; x_wconf 82' lang='lat' dir='ltr'><strong>d)</strong></span> <span class='ocrx_word' id='word_1_428' title='bbox 3312 4712 3377 4771; x_wconf 85' lang='lat'><strong>1..</strong></span> <span class='ocrx_word' id='word_1_429' title='bbox 3396 4710 3473 4772; x_wconf 86' lang='lat'><strong>11.</strong></span> 
     </span>
     <span class='ocr_line' id='line_1_77' title="bbox 362 4805 2533 4884; baseline 0.004 -21"><span class='ocrx_word' id='word_1_430' title='bbox 362 4805 473 4866; x_wconf 82' lang='lat' dir='ltr'><strong>sub</strong></span> <span class='ocrx_word' id='word_1_431' title='bbox 503 4809 626 4867; x_wconf 86' lang='lat' dir='ltr'><strong>init.</strong></span> <span class='ocrx_word' id='word_1_432' title='bbox 848 4811 911 4882; x_wconf 85' lang='lat' dir='ltr'><strong>e)</strong></span> <span class='ocrx_word' id='word_1_433' title='bbox 953 4809 1152 4872; x_wconf 84' lang='lat' dir='ltr'><strong>Carm.</strong></span> <span class='ocrx_word' id='word_1_434' title='bbox 1183 4825 1339 4868; x_wconf 79' lang='lat' dir='ltr'><strong>saec.</strong></span> <span class='ocrx_word' id='word_1_435' title='bbox 1370 4826 1428 4869; x_wconf 75' lang='lat' dir='ltr'><strong>v.</strong></span> <span class='ocrx_word' id='word_1_436' title='bbox 1443 4820 1534 4884; x_wconf 82' lang='lat'><strong>29.</strong></span> <span class='ocrx_word' id='word_1_437' title='bbox 1798 4858 1803 4871; x_wconf 86' lang='lat'><strong>.</strong></span> <span class='ocrx_word' id='word_1_438' title='bbox 2523 4814 2533 4829; x_wconf 70' lang='lat'>⁸</span> 
     </span>
     <span class='ocr_line' id='line_1_78' title="bbox 493 4913 2988 5002; baseline -0.002 -19"><span class='ocrx_word' id='word_1_439' title='bbox 493 4919 681 5001; x_wconf 83' lang='lat' dir='ltr'><em>(Vol.</em></span> <span class='ocrx_word' id='word_1_440' title='bbox 709 4918 864 5002; x_wconf 85' lang='lat' dir='ltr'><strong>VI.)</strong></span> <span class='ocrx_word' id='word_1_441' title='bbox 2774 4913 2827 4978; x_wconf 86' lang='lat' dir='ltr'>C</span> <span class='ocrx_word' id='word_1_442' title='bbox 2871 4932 2907 4977; x_wconf 82' lang='lat' dir='ltr'><strong>c</strong></span> <span class='ocrx_word' id='word_1_443' title='bbox 2951 4931 2988 4976; x_wconf 84' lang='lat' dir='ltr'><strong>c</strong></span> 
     </span>
    </p>
   </div>
  </div>
 </body>
</html>
