4509 5584
1766 581 2111 654 Ltle.
2176 653 2184 661 .

525 747 684 810 Pars
749 745 958 809 antica
1026 745 1200 809 haud
1250 745 1446 813 dubie
1504 747 1915 834 deprompta·

397 860 499 911 est
551 869 633 910 ex
685 846 997 911 Romanis
1042 847 1297 911 Tiberii
1344 851 1591 928 numis,
1636 865 1709 916 ut
1757 852 1896 916 uni-

386 951 639 1014 'versim
682 951 1001 1027 observo,
1055 950 1407 1037 Hispaniae
1453 952 1655 1018 nrbes
1706 967 1895 1041 typos

394 1072 481 1116 ex
546 1051 691 1137 ejus
754 1051 1168 1137 imperatoris
1231 1047 1461 1119 numis'
1509 1057 1894 1144 frequentes

382 1167 739 1218 mutuatos.
835 1158 913 1218 In
971 1176 1200 1222 aversa
1260 1153 1557 1222 videmus
1632 1158 1856 1223 Iuliam
1874 1206 1892 1238 ‚

394 1265 587 1339 quam
624 1255 754 1338 jam
791 1256 912 1319 snb
948 1258 1228 1334 Vestae,
1259 1257 1559 1336 Pietatis,
1598 1263 1890 1337 Iunonis,

388 1358 640 1422 Dianae
669 1379 952 1442 persona
978 1361 1469 1444 conspeximus,
1495 1383 1669 1426 nunc
1697 1363 1886 1427 etiam

391 1462 663 1526 Cereris
721 1461 944 1544 specie
992 1460 1150 1526 sisti.
1213 1462 1361 1524 Non
1408 1463 1488 1525 ab
1535 1463 1887 1548 Hispaniae

392 1577 643 1627 tantum
702 1561 977 1626 urbibus
1039 1563 1305 1627 Cereris
1360 1565 1494 1626 ritu
1547 1564 1721 1627 culta
1790 1579 1890 1629 est

390 1664 587 1741 Iulia,
633 1686 783 1728 nam
826 1677 1164 1748 repertum
1201 1678 1302 1728 est
1338 1664 1646 1729 ininsula
1675 1666 1889 1732 Gaulo

382 1786 710 1844 marmor,
770 1766 949 1851 quod
999 1766 1285 1833 servavit
1342 1768 1740 1833 Muratorius
1784 1771 1845 1852 ⁸)
1869 1814 1889 1848 ,

382 1871 455 1932 in
497 1890 626 1955 quo
665 1868 942 1953 legiturz

515 2006 863 2080 CERERI.
910 2004 1233 2071 IVLIAE.
1277 2002 1757 2072 AVGVSTAE

632 2106 841 2171 D1V1.
885 2106 1301 2175 AVGVS'I'I.
1346 2106 1630 2169 MATRI

518 2208 625 2272 TI.
666 2207 1126 2274 CAESARIS.
1169 2205 1579 2276 AVGVSTI.
1624 2221 1751 2275 etc.

380 2354 599 2420 Etiam
638 2356 717 2417 in
763 2352 981 2432 numis
1022 2355 1348 2440 Hipponis
1390 2355 1656 2421 Africae
1697 2355 1886 2421 sedet

374 2461 587 2523 instar
638 2458 946 2536 Cereris,
1006 2456 1164 2544 quin
1210 2470 1280 2521 et
1327 2457 1612 2522 eundem
1659 2473 1882 2543 typum

376 2581 539 2624 mox
584 2559 880 2623 dabimus
923 2560 991 2621 in
1035 2560 1177 2643 ejus
1215 2573 1634 2626 consecratae
1682 2582 1883 2625 numo

372 2665 701 2730 Romano.
730 2664 987 2727 Nomen
1005 2654 1683 2740 KAPn0‹1›oPOT‚
1706 2663 1883 2748 quod

374 2764 447 2829 ei
478 2763 788 2828 tribuitur
818 2764 886 2826 iu
920 2783 1142 2840 numo,
1174 2763 1288 2846 qui
1317 2759 1485 2824 infra
1518 2762 1585 2824 in
1616 2778 1877 2828 moneta

372 2867 582 2932 Iuliae
616 2855 896 2953 Augusti
932 2866 1110 2929 filiae
1147 2863 1599 2944 describetur,
1643 2886 1726 2929 ex
1757 2870 1879 2931 Ce-

371 2970 551 3033 reris
603 2989 865 3055 quoque
914 2981 1147 3031 natura
1200 2979 1323 3036 est.
1412 2962 1879 3048 HPONOIA,

370 3075 843 3148 Providentia,
891 3069 1131 3132 dicitur
1176 3068 1244 3130 in
1290 3067 1431 3133 basi
1474 3083 1874 3147 marmorea,

370 3193 547 3258 quae
583 3185 792 3236 exstat
824 3171 1138 3249 Athenis,
1169 3171 1355 3255 cujus
1386 3171 1744 3255 epigraphe
1777 3172 1872 3234 in·

362 3275 563 3358 cipitz
587 3269 1010 3337 IOTAIAN.
1028 3261 1311 3337 ΘΕΑΝ.
1324 3265 1869 3336 ΣΕΒΑΣΤΗΝ.

372 3372 881 3439 ΠΡΟΝΟῙΑΝ
921 3372 1031 3458 1>);
1102 3458 1145 3499 1·

897 3510 939 3548 ff
1310 3505 1350 3543 0

614 3580 1047 3647 PIETATIS.
1071 3578 1573 3647 AVGVS'I'AE.
1596 3578 1670 3645 C.
1688 3578 1762 3643 C.
1783 3580 1863 3646 A.

622 3688 841 3767 Caput
871 3684 1191 3746 muliebre
1223 3683 1533 3745 velatum.

368 3786 765 3859 IVNIANO.
800 3783 1065 3853 LVPO„
1106 3784 1245 3848 PR.
1288 3783 1360 3848 C.
1393 3783 1761 3866 CAESAR.
1788 3786 1864 3849 Ο.

368 3888 771 3957 ΡΟΜΡΟΝ.
808 3887 1129 3952 PARRA.
1165 3888 1401 3957 nvffl.
1461 3887 1790 3972 Templum
1825 3899 1867 3965 4

366 3994 854 4058 columnarum.

615 4092 1046 4156 PIETATIS.
1066 4086 1571 4159 AVGVSTAE.
1591 4089 1665 4156 C.
1684 4090 1755 4153 G.
1774 4093 1856 4156 A.

624 4195 956 4278 Templum
988 4197 1027 4259 ὁ
1071 4195 1547 4257 columnarum.

362 4303 485 4366 Τί.
546 4296 912 4364 CAESAR.
977 4310 1102 4360 ete.
1177 4296 1319 4360 ΤΒ.
1385 4293 1588 4358 ΡΟΤ.
1652 4293 1859 4361 XXX.

366 4405 679 4472 Tiberius
720 4413 992 4485 togatus
1030 4401 1264 4462 sedens
1307 4399 1371 4462 d.
1406 4413 1713 4483 pateram
1731 4441 1750 4475 ,
1798 4420 1855 4465 s.

360 4506 653 4570 hastam.

435 4731 500 4803 a)
538 4726 825 4806 Pagan-
859 4747 919 4785 n.
939 4740 992 4793 3.

367 4823 529 4885 aaz.

1139 4727 1205 4800 o)
1243 4691 1532 4806 Antiduit.
1567 4730 1638 4786 of
1661 4729 1915 4806 Atheus.»
1941 4750 2001 4807 p.
2021 4734 2076 4796 6.

679 4821 742 4891 e)
782 4818 974 4880 Tacit.
1003 4819 1154 4878 Anu.
1174 4817 1247 4881 V.
1279 4832 1371 4883 20.
1425 4819 1588 4879 Suet.
1616 4820 1678 4878 in
1705 4820 1842 4885 Tib.
1875 4840 1925 4883 c.
1947 4833 2043 4885 51.
2095 4819 2208 4879 Dio
2240 4820 2305 4878 1..
2329 4819 2534 4883 LVIII.
2565 4824 2618 4893 §.
2638 4832 2689 4883 2.

3363 600 3497 667 15⁷2

2019 753 2027 762 ’
2138 747 2438 833 Vterque
2485 768 2719 812 numus
2769 762 2872 813 est
2909 747 3208 813 coloniae
3229 737 3506 816 'Caesar-

2010 862 2342 936 augustae.
2381 847 2581 911 Prior
2611 864 2796 914 certe
2832 849 3121 935 signatus
3167 865 3271 916 est
3305 853 3509 936 impe—

2000 961 2200 1016 'rante
2234 949 2552 1028 Tiberio,
2607 965 2756 1015 nam
2802 950 3003 1016 offert
3041 953 3109 1016 in
3150 963 3380 1021 aversa
3410 958 3511 1018 lu-

2009 1054 2272 1144 nianum
2351 1054 2610 1134 Lupum
2669 1053 3124 1136 'praefectnm,
3210 1057 3347 1119 tu'm
3429 1057 3507 1123 C.

1995 1157 2395 1230 Caesarem,
2468 1152 2741 1218 subinde
2813 1157 3210 1240 Augustum,
3288 1170 3357 1221 et
3429 1158 3504 1222 C.

1988 1253 2445 1341 'Pomponium
2510 1249 2781 1318 Pari-am
2844 1257 3116 1336 IIviros,
3193 1259 3306 1344 qui
3375 1280 3511 1323 om-

2007 1379 2125 1421 nes
2178 1371 2627 1421 memorantur
2684 1357 2877 1420 etiam
2927 1358 2996 1426 ia
3053 1378 3252 1424 numo
3309 1359 3508 1425 'ribe-

2005 1459 2089 1523 rii
2132 1463 2212 1543 ο).
2299 1461 2546 1522 Numus
2607 1458 2777 1522 alter
2833 1457 3075 1523 indicio
3134 1460 3500 1526 tribunatus

2004 1561 2216 1628 XXX.
2266 1581 2459 1624 cusus
2517 1574 2619 1622 est
2666 1560 2833 1623 intra
2881 1561 3092 1626 annos
3137 1562 3219 1631 V.
3254 1562 3328 1628 C.
3373 1563 3495 1646 73¹

2006 1675 2073 1725 et
2107 1664 2275 1744 782,
2338 1681 2613 1748 quorum
2659 1660 2767 1724 hic
2810 1661 2934 1725 fuit
2973 1661 3201 1730 Liviae
3244 1677 3504 1748 postre-

2001 1786 2168 1830 mus.
2231 1765 2578 1828 Existimat
2645 1762 3029 1842 Florezius,
3088 1764 3159 1826 in
3216 1765 3321 1828 his
3378 1787 3499 1828 nu·-

2002 1869 2127 1931 mis
2173 1866 2478 1932 exhiberi
2520 1869 2873 1949 templum,
2928 1864 3106 1951 quod
3149 1865 3500 1930 Caesarau-

1990 1967 2257 2054 -gustani
2298 1967 2535 2030 honori
2578 1967 2866 2042 Tiberii,
2913 1980 2980 2031 et
3020 1967 3244 2031 matris
3289 1967 3494 2033 Iuliae

1999 2068 2363 2155 posuerint.
2446 2070 2744 2144 Revera,
2803 2069 3041 2154 inquit,
3098 2084 3266 2135 teste
3311 2072 3498 2135 Taci-

1984 2171 2068 2235 ἰο
2115 2169 2183 2256 d)
2238 2170 2498 2236 venisse
2556 2171 2809 2255 legatos
2863 2169 3230 2256 Hispanos,
3311 2191 3498 2236 oran·

2000 2288 2133 2352 tes,
2195 2286 2266 2336 ut
2314 2272 2622 2357 exemplo
2664 2271 2859 2335 Asiae
2909 2270 3255 2335 delubrum
3300 2272 3496 2338 Tibe·

1997 2377 2132 2453 rio‚
2181 2374 2508 2458 matrique
2536 2374 2678 2458 ejus
2709 2386 3181 2440 exstrueretur.
3242 2374 3495 2441 Verum

1997 2478 2054 2540 is
2100 2477 2361 2540 venisse
2408 2476 2663 2560 legatos
2705 2496 2838 2542 non
2875 2496 2956 2539 ex
2988 2475 3298 2560 Hispania
3336 2478 3493 2541 cite·

1988 2575 2214 2656 aiore,
2274 2577 2342 2639 in
2402 2598 2527 2662 qua
2588 2579 2708 2641 sita
2770 2576 3310 2663 Caesaraugusta,
3371 2579 3492 2642 sed

1995 2679 2319 2743 ulteriore
2377 2691 2631 2753 narrat,
2696 2691 2765 2740 et
2808 2676 3116 2742 Tiberius
3168 2680 3324 2743 huie
3381 2700 3493 2743 eo·

1992 2801 2140 2843 rum
2196 2778 2513 2845 voluntati
2572 2780 2787 2863 potius
2845 2780 3107 2856 restitit.
3175 2779 3489 2858 Accedit,

1991 2880 2237 2965 templa
2293 2881 2361 2942 in
2408 2881 2510 2943 his
2547 2882 2764 2943 numia
2811 2882 3146 2966 proposita
3189 2881 3490 2948 diversae

1993 3003 2139 3046 esse
2212 2995 2611 3063 structurae,
2696 3002 2834 3045 non
2905 2977 3116 3045 unum*
3180 2982 3489 3069 idemque

1990 3085 2331 3169 utriusque
2370 3083 2606 3147 honori
2644 3082 2944 3149 dicatum.
2995 3079 3243 3151 Verior
3285 3078 3491 3169 igitur

1987 3186 2250 3254 videtur
2294 3185 2651 3262 sententia,
2704 3185 3332 3269 caesaraugustanus
3378 3208 3488 3252 co-

1990 3289 2168 3372 gnita
2196 3279 2451 3350 Tiherii
2485 3286 2555 3347 in
2595 3299 2866 3350 matrem
2914 3286 3157 3370 pietate
3189 3290 3487 3352 PIETA-

1856 3461 1863 3468 .
1986 3392 2098 3454 TI.
2141 3388 2621 3457 AVGVSTAE
2657 3389 2726 3454 iu
2762 3388 3022 3472 templis
3066 3388 3198 3453 suis
3241 3390 3483 3454 sacrifi·

1982 3512 2164 3556 casse
2216 3489 2575 3554 secundum
2622 3511 2732 3567 ea,
2794 3510 2958 3576 quae
3001 3511 3196 3574 supra
3238 3492 3320 3556 ad
3368 3514 3483 3555 nu-

1984 3614 2162 3657 mum
2192 3591 2580 3678 inscriptum
2612 3593 2930 3656 PIETAS
2968 3592 3334 3660 observavi.

2244 3783 2353 3894 ἱι)
2401 3832 2643 3896 ινΑ
2724 3832 2964 3898 11²1.
3005 3832 3174 3897 JA.

2102 3999 2265 4063 Iulia
2330 4020 2466 4062 non
2533 3999 2842 4062 continuo
2910 4010 3061 4083 post
3131 4019 3476 4064 excessum

1979 4099 2305 4166 coelestes
2341 4100 2631 4163 honores
2664 4114 2849 4163 nacta
2875 4097 3010 4177 est,
3039 4099 3332 4180 Tiberio,
3366 4104 3473 4167 cui

1969 4199 2181 4268 ‘invisa
2211 4201 2471 4288 pridem
2506 4215 2716 4266 mater
2752 4200 2907 4276 suit,
2952 4198 3021 4261 id
3063 4201 3274 4285 palam
3320 4223 3471 4287 pro·

1976 4302 2283 4382 bibente,
2348 4304 2565 4389 quasi,
2627 4317 2698 4366 ut
2757 4301 3040 4377 ferebat,
3105 4301 3277 4366 istud
3330 4305 3471 4387 ipsa

1971 4405 2292 4471 noluisset
2337 4407 2417 4490 θ).
2497 4406 2721 4489 Nepos
2778 4403 3086 4466 Claudius
3141 4405 3344 4488 magis
3399 4405 3468 4467 in

1971 4503 2177 4569 'aviam
2209 4527 2603 4591 propensus,
2651 4526 2842 4590 quam
2872 4504 2939 4568 in
2970 4501 3242 4571 matrem
3272 4505 3466 4585 filius,

2225 4732 2288 4803 c)
2328 4730 2551 4790 Florez.
2587 4728 2828 4790 tab.1x.
2868 4750 2925 4790 n.
2948 4743 3002 4798 3.
3165 4730 3231 4805 d)
3269 4730 3333 4789 L.
3360 4729 3458 4791 IV.

2448 5049 2492 5080 d
