4509 5584
981 575 1125 643 228

858 701 864 710 ·
978 692 1189 768 rium,
1258 690 1327 751 in
1380 686 1573 772 hujus
1626 683 1839 750 numia
1885 681 1970 747 ad
2016 704 2254 749 annum
2298 686 2381 754 V.
2414 686 2489 752 C.

978 796 1107 877 757
1193 791 1499 855 diximus.
1626 786 1830 872 Atqui
1902 785 2261 864 secundum
2321 788 2489 854 hanc

977 895 1188 978 ipsam
1251 892 1473 975 legem
1525 891 1974 974 Rhescuporis
2015 891 2303 974 Bospori
2344 912 2488 968 rex,

978 996 1094 1083 qui
1141 994 1266 1057 sibi
1293 993 1550 1057 Tiberii
1577 993 1842 1057 nomina
1879 991 2170 1070 addidit,
2229 1012 2379 1056 sese
2419 992 2490 1054 in

976 1098 1200 1184 nuruis*
1256 1116 1393 1160 nou
1455 1095 1620 1159 dixit
1696 1096 2030 1159 Rhenum
2099 1095 2492 1176 Clqudium,

870 1195 893 1207 ⁵
978 1199 1095 1263 sed
1148 1201 1475 1263 Tiberium
1510 1198 1786 1262 Iulium.
1858 1194 2168 1282 Denique
2218 1196 2492 1262 nimium

976 1301 1243 1365 incaute
1293 1300 1587 1384 egissent
1622 1299 1931 1377 Ilienses,
1988 1298 2045 1363 si
2074 1298 2335 1362 Claudii
2378 1293 2496 1365 no-

978 1423 1134 1467 men
1171 1400 1510 1466 dedissent
1544 1401 1918 1486 Caligulae,
1972 1420 2167 1486 quem
2218 1400 2348 1484 jam
2383 1401 2493 1464 'ri-

974 1505 1199 1570 berius
1252 1503 1631 1572 observavit
1681 1502 2074 1567 Claudianae
2114 1502 2348 1578 domui
2381 1504 2481 1566 in-

976 1611 1273 1686 fensum,
1342 1622 1412 1673 et
1465 1606 1591 1671 soli
1646 1613 1944 1670 insterno
2006 1606 2242 1688 generi
2303 1605 2482 1670 addi-

974 1725 1152 1774 ctum
1202 1714 1286 1791 ⁸).
1371 1707 1726 1793 Oportebit
1780 1726 1944 1791 ergo
1991 1705 2165 1771 hunc
2210 1727 2481 1771 numum

977 1828 1086 1876 aut
1143 1812 1370 1874 dicere
1426 1808 1814 1886 confictum,
1902 1822 2010 1871 aut
2074 1795 2481 1893 epigraphen

973 1915 1147 1977 male
1215 1905 1491 2000 lectam„
1559 1925 1670 1975 aut
1721 1923 1905 1974 certe
1949 1910 2223 1974 Ilienses
2269 1910 2494 1996 moris·

976 2015 1256 2080 Romani
1291 2015 1578 2098 ignaros.

1516 2198 1942 2280 Caligula.

1098 2318 1257 2381 Dixi
1294 2315 1643 2404 principio,
1670 2315 1845 2380 hunc
1866 2313 2241 2379 Germanici
2266 2314 2484 2379 filium

970 2444 1094 2490 ore
1164 2420 1347 2504 vulgi
1394 2418 1754 2502 Caligulam
1812 2415 2017 2479 fuisse
2084 2418 2486 2503 appellatum

973 2526 1230 2611 adjecta
1288 2522 1434 2606 ejus
1498 2519 1784 2584 nominis
1846 2540 2059 2584 causa.
2178 2526 2268 2581 At
2319 2539 2483 2583 vero

974 2627 1313 2713 plebeium
1356 2621 1532 2685 istud
1560 2641 1801 2684 nomen
1835 2642 2061 2684 ausum
2089 2640 2225 2690 non
2257 2633 2358 2682 est
2390 2622 2485 2681 in-

968 2732 1155 2794 ferre
1190 2724 1431 2810 pedem
1465 2725 1536 2786 in
1573 2736 1999 2787 monumenta
2031 2721 2314 2806 publica,
2350 2735 2482 2786 tam

973 2852 1241 2917 parum,
1293 2847 1485 2911 quam
1534 2824 1748 2889 serius
1785 2824 2047 2888 nomina
2076 2825 2479 2902 Caracallae,

972 2947 1044 2998 et
1084 2926 1458 3016 Elagabali,
1523 2926 1689 2990 illud
1730 2947 1852 3011 per
1896 2926 2321 3011 ignominiam
2371 2925 2485 2989 da·

971 3050 1111 3099 tum
1165 3031 1402 3097 Severi
1443 3029 1620 3107 filio,
1660 3028 1790 3091 hoc
1846 3028 2252 3091 Soaemiadis
2317 3027 2478 3092 filio.

970 3140 1125 3201 Non
1154 3149 1375 3200 tamen
1411 3119 1520 3195 hic
1553 3129 2135 3215 praetereundum,
2171 3129 2349 3214 quod
2375 3151 2479 3195 re·

970 3239 1107 3304 sert
1137 3238 1379 3320 Pagina
1420 3231 1523 3316 ι)).,
1568 3246 1872 3296 testatum
1916 3231 2350 3312 Toinardum,
2401 3254 2482 3298 se

970 3360 1241 3404 numum
1289 3337 1614 3398 Graecum
1667 3332 1947 3411 vidisse,
2000 3333 2071 3394 in
2127 3355 2260 3419 quo
2303 3337 2480 3399 Cali-

968 3444 1176 3524 gulae
1220 3456 1465 3500 nomen
1517 3434 1881 3517 legebatur.
1956 3436 2117 3497 'Non
2166 3457 2345 3519 nego
2382 3437 2478 3500 vi-
2507 3443 2522 3460 ·

974 3545 1147 3608 disse
1168 3587 1188 3618 ,
1217 3540 1338 3602 sed
1366 3555 1631 3599 numum
1662 3536 1862 3600 fuisse
1896 3535 2264 3622 antiquum,
2294 3556 2473 3623 nego

970 3659 1163 3725 atque
1200 3658 1518 3724 pernego.

1476 3823 1646 3904 Imp
1660 3844 1696 3884 e
1713 3843 1747 3883 r
1764 3840 1808 3912 ᾳ
1829 3832 1858 3883 t
1870 3841 1908 3881 o
1924 3843 1974 3881 r.

1102 3946 1253 4010 Hoc
1306 3942 1503 4009 ‘titulo
1564 3955 1864 4025 tanquam
1917 3940 2345 4025 praenomine
2405 3939 2477 4003 in

2234 547 2890 626 ·CALIGVLA·.

2603 685 2817 749 numis
2851 683 3166 749 Romanis
3212 706 3363 750 usus
3409 706 3542 750 non
3591 701 3713 754 est.
3802 689 3973 752 Eum
4017 701 4108 753 ta·

2603 808 2756 850 men
2795 788 2898 850 illi
2928 787 3156 851 tribuit
3184 810 3419 852 numus
3458 789 3674 854 Mileti
3717 790 3814 873 c),
3846 805 3915 854 et
3945 811 4107 854 non·

2603 890 2785 953 nulla
2843 911 3186 955 marmora.
3289 889 3384 952 ln*
3421 891 3637 955 numis
3697 892 4106 957 coloniarum

2601 992 2958 1075 Hispaniae
3003 1013 3202 1079 saepe
3246 992 3485 1057 dicitur
3527 996 3706 1060 IMP.
3759 995 3966 1057 instar
4000 1014 4111 1059 co·

2608 1095 2953 1178 gnominis.
3033 1096 3138 1158 De
3181 1095 3319 1158 hoc
3371 1095 3562 1159 titulo
3608 1094 3799 1159 latius
3843 1095 3954 1181 egi
4004 1118 4106 1162 su-

2605 1218 2726 1280 pra
2761 1197 2828 1259 in
2861 1196 3078 1262 nemis
3114 1197 3196 1261 ad
3221 1218 3458 1262 annum
3492 1199 3572 1266 V.
3607 1200 3681 1266 C.
3708 1218 3857 1282 790.
3971 1268 3976 1272 ,

3032 1386 3146 1448 Pa
3163 1379 3292 1448 t'er
3337 1386 3447 1446 Pa
3465 1386 3716 1449 triae.

2719 1447 3000 1597 Quando
3063 1502 3238 1568 hunc
3279 1501 3540 1567 titulum
3574 1501 3702 1568 sibi
3745 1500 4103 1579 addiderit,

2593 1604 2875 1673 diximus
2913 1604 2996 1669 ad
3019 1626 3211 1671 anum
3242 1607 3327 1673 V.
3367 1607 3441 1674 C.
3477 1624 3627 1690 791.

3189 1794 3508 1874 Augur.

2715 1910 2993 1993 Legitur
3056 1909 3124 1970 in
3188 1932 3424 1991 numo,
3487 1934 3682 1997 quem
3726 1914 3809 1978 ad
3866 1934 4096 1982 annum

2589 2010 2680 2080 V.
2715 2011 2788 2077 C.
2819 2031 2946 2096 790
2985 2016 3331 2098 preposui,
3361 2027 3427 2079 et
3462 2016 3807 2100 explicavi.

3051 2196 3653 2267 Germanicus.

2727 2317 2921 2381 Hunc
2966 2315 3226 2381 titulum
3278 2318 3751 2385 hereditarium
3794 2318 4020 2383 hahuit
4062 2343 4097 2383 a

2597 2431 2784 2503 patre
2829 2432 2898 2483 et
2941 2439 3084 2485 avo.
3150 2421 3255 2482 Eo
3300 2421 3369 2483 in
3411 2425 3623 2486 numia
3661 2421 3820 2500 ¹inde
3864 2421 3945 2486 ab
3988 2444 4092 2485 an-

2598 2541 2686 2584 no
2724 2521 2806 2587 V.
2843 2521 2915 2585 C.
2962 2537 3087 2603 792
3133 2520 3398 2606 signatis
3442 2546 3596 2612 usus
3638 2523 3915 2608 amplius
3958 2543 4092 2590 non

2597 2634 2702 2685 est
2724 2668 2741 2699 ,
2786 2635 2855 2685 ut
2892 2620 3133 2686 dictum
3168 2623 3252 2687 ad
3290 2625 3464 2689 hunc
3496 2648 3754 2690 annum.

3092 2810 3366 2873 Tituli
3407 2812 3533 2873 ali
3549 2814 3597 2876 i.
3697 2879 3724 2891 „

2724 2927 2926 2990 Teste
2959 2927 3277 2992 Suetonio
3309 2927 3373 3012 d)
3410 2929 3622 2995 dictus
3645 2929 3766 2993 fuit
3780 2929 3965 3006 Pius,
3989 2931 4095 2993 Fa·-

2596 3028 2732 3092 lius
2780 3043 3182 3108 castrorum,
3240 3036 3444 3094 Pater
3480 3035 3851 3108 exercitus,
3907 3036 4093 3113 Opti·

2593 3147 2779 3202 mus,
2837 3132 3222 3209 Maximus,
3273 3147 3340 3197 et
3374 3145 3542 3197 teste
3592 3136 3833 3196 Ioanne
3865 3133 4091 3195 Antio-

2584 3221 2807 3293 cheno
2859 3231 3053 3295 etiam
3083 3234 3524 3299 Britannicus
3557 3255 3645 3298 ex
3677 3234 3914 3298 vitiatis
3947 3236 4091 3297 Bri·

2590 3345 2933 3395 tannorum
2982 3335 3251 3412 scortis,
3301 3351 3372 3401 ut
3409 3336 3690 3401 diximus
3729 3335 3809 3399 ad
3851 3358 4086 3399 annum

2588 3433 2673 3500 V.
2703 3435 2780 3498 C.
2815 3455 2966 3517 790.
3028 3438 3370 3502 Bacchum
3413 3445 3607 3502 etiam
3638 3453 3932 3504 vocatum
3953 3484 3973 3514 ,
4021 3454 4088 3501 et

2586 3537 2974 3622 Bacchicam
3009 3552 3260 3606 vestem
3294 3539 3587 3604 indutum
3626 3541 3988 3626 prodivisse
4019 3543 4104 3614 in·

2586 3637 2965 3721 publicum,
3009 3653 3230 3706 narrat
3256 3642 3630 3706 Athenaeus
3675 3646 3757 3724 ε3).
3835 3645 4082 3710 Verum

2588 3740 2711 3802 hos
2744 3740 2967 3804 titulos
2996 3761 3112 3804 seu
3150 3741 3232 3804 ab
3263 3742 3672 3822 adulatione,
3711 3766 3828 3808 seu
3855 3743 4086 3807 intem·

2589 3841 2916 3924 perantia,
3010 3864 3131 3906 seu
3203 3845 3661 3911 malevolentia
3728 3860 4079 3929 conceptos

2588 3943 2871 4008 reticent
2905 3944 3086 4008 numi
3102 3990 3121 4024 ,
3137 3960 3224 4012 ‚et
3255 3968 3599 4014 marmora.

2267 4191 2811 4263 PRE‘TJVM.

1371 4378 1581 4443 Aurei

1365 4478 1687 4565 Argentei
1788 4509 1815 4524 ·

1046 4697 1108 4766 a)
1147 4690 1319 4751 Philo
1350 4688 1551 4766 Legat.
1577 4686 1654 4740 ad
1689 4693 1898 4763 Caium
1925 4701 1987 4760 P·
2010 4649 2140 4758 '55:1.

980 4773 1157 4845 Num.
1185 4782 1376 4861 Impp.
1527 4777 1590 4854 d)
1631 4784 1774 4864 Cap.
1801 4800 1890 4852 22.

2218 4645 2226 4656 ⁸
2299 4683 2370 4757 b)
2399 4650 2561 4744 ‘Cn-it.
2596 4685 2788 4746 Baton
2825 4686 2903 4744 ad
2928 4707 3059 4746 ann.
3100 4688 3208 4747 Ch.
3243 4700 3358 4753 137.
3390 4708 3548 4750 mun.
3576 4700 3628 4755 8.

2053 4778 2116 4849 ρ)
2154 4776 2405 4855 Dipnos.
2439 4775 2624 4839 1..1v.
2665 4796 2723 4855 p.
2755 4787 2870 4876 isia.

3542 4383 3683 4447 RB.

3542 4486 3623 4549 R.

3794 4694 3850 4766 c)
3887 4691 4059 4747 Patin
