4509 5584
1679 614 2106 698 NERVA.

336 792 785 856 didrachmum
843 746 1111 867 census,
1162 789 1351 875 *quod
1404 811 1528 876 pro
1585 812 1697 869 se,
1761 808 1881 857 et·

331 894 540 958 Petro
589 890 988 979 persolvisse
1035 891 1364 956 Christum
1415 908 1659 959 statere
1704 912 1831 981 per

329 996 723 1060 miraculum
764 996 833 1058 iu
874 995 1056 1080 pisce
1104 995 1373 1059 invento
1415 1010 1637 1061 narrat
1670 1000 1834 1061 Mat-

327 1100 562 1163 thaeus
609 1110 686 1175 ⁸).
765 1099 958 1161 Anno
1013 1098 1097 1165 V.
1137 1097 1210 1159 C.
1267 1098 1394 1162 823
1449 1098 1835 1184 Hierosoly·

325 1203 454 1263 mis
487 1224 550 1304 'a
603 1200 1007 1284 Vespasiano
1056 1218 1217 1261 cum
1271 1199 1521 1285 templo
1577 1199 1826 1266 eversis

327 1284 502 1387 jussi
549 1315 700 1364 sunt
760 1300 983 1363 Iudaei
1054 1301 1428 1387 ubicunque
1502 1316 1826 1366 terrarum

328 1403 687 1467 existentes
746 1402 1195 1466 didrachmum
1237 1404 1405 1467 illud
1447 1424 1831 1488 repraesen-

325 1521 503 1583 tare,
559 1527 692 1569 non
731 1520 950 1569 tamen
987 1525 1328 1571 cessurum
1360 1507 1427 1569 in
1462 1528 1649 1569 usum
1683 1524 1831 1570 suo·

325 1630 473 1671 rum
519 1628 893 1686 sacrorum,
945 1606 1066 1672 sed
1107 1608 1280 1673 Iovis
1322 1609 1703 1694 Capitolini,
1756 1623 1829 1672 ut

325 1710 573 1773 diserte
609 1709 963 1795 perhibent
995 1712 1313 1796 Iosephus
1343 1710 1438 1791 b),
1480 1726 1550 1775 et
1581 1712 1711 1779 Dio
1742 1724 1825 1788 ι3).

325 1815 384 1874 A
415 1812 791 1877 Domitiano
826 1813 1175 1876 Iudaicum
1196 1812 1447 1898 fiscum
1483 1816 1828 1877 acerbissi-

323 1936 427 1978 me
462 1928 688 1977 actum
728 1934 905 1991 esse,
949 1928 1169 1978 narrat
1204 1915 1555 1978 Suetonius
1585 1915 1653 1994 d)
1672 1960 1690 1993 ,
1738 1918 1831 1979 ad

321 2037 513 2098 quem
566 2018 1030 2099 defirebantur
1043 2060 1065 2092 ,
1131 2020 1250 2097 qui
1299 2018 1409 2079 vel
1450 2017 1827 2100 improsessc‘

320 2120 669 2181 Iudaicam
696 2121 883 2180 intra
901 2119 1124 2181 urbem
1142 2120 1437 2181 atvar-ent
1463 2115 1694 2194 vim‘m,
1722 2118 1832 2185 vel

322 2221 754 2281 dissimulata
804 2221 1068 2302 orIgine
1112 2221 1430 2302 imposita
1464 2222 1658 2301 genti
1706 2219 1827 2280 tri-

316 2323 484 2391 buta
520 2339 654 2381 non
681 2322 1169 2402 pependissent.
1216 2318 1672 2403 spanhemius,
1712 2320 1823 2402 qui

316 2421 388 2481 in
433 2421 564 2485 hoc
609 2440 870 2505 quoque
923 2440 1123 2484 numo
1168 2403 1559 2504 explicando
1607 2420 1824 2483 erudi-

314 2537 447 2586 tam
482 2544 661 2586 suam
695 2520 1063 2585 facundiam
1100 2521 1551 2607 comprobavit
1582 2534 1666 2600 e),
1708 2522 1825 2585 do·

316 2640 515 2690 ceute
567 2625 706 2709 ipsa
751 2624 932 2686 numi
975 2625 1334 2710 epigraphe
1382 2623 1635 2708 arguit,
1688 2643 1823 2686 nou

312 2729 532 2812 ipsum
560 2700 801 2791 fiscum
822 2726 1178 2802 Iudaicum,
1203 2746 1322 2790 seu
1350 2724 1822 2803 didrachmum,

315 2828 495 2914 quod
548 2849 871 2893 censuere
916 2829 1111 2906 varii,
1166 2852 1203 2893 a
1246 2831 1462 2894 Nerva
1509 2828 1824 2892 abolitum

312 2931 490 3008 dici,
537 2929 658 2994 sed
695 2944 938 2995 tantum
978 2932 1120 3014 ejus
1160 2932 1571 2995 calumniam
1613 2930 1825 2993 subla·

315 3048 485 3111 tam,
549 3033 678 3097 hoc
728 3047 860 3097 est:
919 3033 1000 3096 ab
1045 3031 1281 3097 eodem
1341 3032 1546 3097 fiscali
1598 3031 1822 3095 debito

312 3135 641 3199 solvendo
694 3135 1015 3198 immunes
1070 3135 1138 3196 in
1192 3148 1593 3219 postremum
1648 3154 1823 3196 man·

312 3238 521 3313 sisse,
584 3240 957 3323 quicunque
1010 3258 1083 3301 se
1141 3238 1312 3301 haud
1368 3251 1554 3301 erant
1595 3236 1822 3301 Iudae-

312 3363 392 3403 os
451 3340 774 3424 professi,
821 3360 968 3402 ·nec
1034 3339 1189 3402 inde
1250 3359 1377 3424 pro
1437 3338 1690 3402 Iudaeis
1752 3340 1822 3401 in

310 3441 577 3505 fiscales
640 3441 890 3505 tabulas
945 3442 1158 3504 relati.
1219 3442 1384 3505 Nam
1444 3462 1637 3525 quatu
1687 3454 1822 3504 tur-

310 3545 523 3628 piter,
576 3544 1015 3629 nequiterque
1050 3542 1170 3606 sub
1203 3543 1577 3607 Domitiano
1613 3543 1821 3628 inqui-

316 3648 517 3709 situm
562 3646 757 3708 sitin
807 3666 960 3721 eos,
1023 3645 1136 3737 qui
1191 3645 1276 3709 de
1332 3645 1659 3709 Iudaismo
1716 3667 1822 3708 su·

312 3748 529 3833 specti
563 3747 793 3824 fuere,
847 3745 1085 3809 eodem
1126 3747 1277 3811 loeo
1320 3748 1673 3811 Suetonius
1713 3748 1823 3811 ad-

314 3853 453 3913 lato
504 3848 731 3912 infami
791 3848 964 3911 facto
1020 3848 1382 3915 confirmat.
1469 3856 1686 3935 Atque
1737 3848 1820 3912 ad

316 3953 485 4014 hanc
566 3950 1075 4034 essplicationem
1153 3951 1663 4015 confirmandam
1738 3952 1816 4012 il-

314 4057 527 4117 lustre
565 4053 725 4115 mihi
761 4051 1134 4137 exemplum
1170 4065 1433 4137 praesto
1467 4066 1587 4116 est.
1646 4052 1816 4115 Cou-

314 4157 633 4220 stantinus
687 4157 818 4233 M„
882 4168 952 4218 ut
1012 4154 1422 4219 idololatriae
1484 4153 1815 4218 licentiam

316 4271 709 4336 coerceret,
766 4271 936 4321 teste
977 4242 1268 4321 Eusebio
1306 4256 1357 4341 ί)
1400 4257 1583 4322 binas
1619 4256 1809 4340 leges

315 4360 646 4438 condidit,
689 4382 961 4446 quarum
991 4382 1118 4424 una
1147 4360 1272 4424 fuit
1309 4358 1540 4446 νομοςῤ
1569 4382 1675 4443 μεν
1705 4356 1822 4437 εἰρ-

194 4472 205 4481 “
320 4485 456 4552 «yon
491 4488 578 4524 τα
609 4479 853 4545 ‘audaga
890 4486 1005 4539 της
1035 4485 1195 4524 κατα
1222 4467 1431 4537 πολεις
1469 4485 1568 4523 και
1616 4483 1824 4547 χωρας

317 4590 390 4629 το
448 4572 708 4628 παλαια»
771 4568 1233 4648 συντελουμινης
1295 4562 1822 4646 ἒιδωλολατςειας,

398 4796 457 4865 a)
487 4792 676 4850 XVII.
702 4800 792 4853 22.
994 4790 1063 4863 b)

321 4886 385 4956 e)
416 4885 589 4944 Tom.
620 4882 694 4940 11.
730 4902 789 4956 p.
814 4894 936 4944 500.

1098 4790 1173 4847 de
1204 4791 1351 4850 Bell.
1380 4792 1510 4850 Iud.
1543 4793 1611 4852 L.
1630 4792 1763 4865 VII.
1796 4811 1848 4862 c.
1881 4794 1936 4857 6.
1967 4793 2090 4869 §.6.

1136 4883 1191 4953 s)
1225 4883 1284 4939 iu
1318 4882 1433 4939 vita
1468 4884 1669 4942 Coust.
1701 4885 1765 4941 L.
1799 4883 1872 4941 11.
1904 4902 1954 4940 c.
1985 4895 2074 4947 45.

2873 598 2904 618 Ι

3299 644 3444 714 405

1944 794 2059 857 lex
2090 810 2397 858 coercens
2423 812 2526 871 ea,
2561 813 2729 875 quae
2759 793 2965 876 plane
2993 797 3446 861 abome‘nanda

1935 918 2056 979 per
2097 894 2293 958 urbes
2309 939 2328 970 ,
2367 907 2434 957 et
2466 899 2611 978 regi
2612 917 2771 958 ones
2807 898 3186 977 antiquitas
3213 911 3448 981 patra·

1944 1000 2043 1060 vie
2088 990 2509 1061 idololatria.
2575 994 2831 1092 Quibus
2876 996 3103 1064 verbis
3145 1001 3443 1083 persuasi

1945 1096 2136 1162 fuere
2175 1117 2312 1160 non
2354 1097 2582 1182 pauci,
2625 1098 2917 1165 voluisse
2951 1100 3445 1166 Constantinum

1943 1218 2173 1263 omnes
2203 1196 2518 1285 hac'lege
2552 1219 2842 1286 paganae
2887 1201 3227 1286 religionis
3276 1202 3442 1266 ritus

1942 1302 2235 1378 aboleri,
2294 1299 2414 1364 sed
2467 1299 2646 1386 quod
2702 1314 2921 1365 certae
2976 1302 3291 1366 historiae
3335 1303 3447 1367 ad-

1945 1418 2264 1468 versatur.
2350 1406 2633 1467 Tantum
2690 1400 2850 1467 dicit
2903 1403 3270 1481 Eusebius,
3334 1426 3446 1469 vc-

1943 1508 2060 1572 tita
2100 1505 2609 1589 ahjmperatore
2646 1527 2730 1566 τοι
2762 1520 3042 1588 μυσαρα,
3088 1505 3226 1569 sive
3277 1522 3443 1590 quae

1944 1630 2139 1693 supra
2187 1608 2474 1687 modum
2499 1607 2797 1685 infanda,
2848 1605 3201 1691 praecipue
3256 1621 3445 1671 extra

1944 1711 2214 1788 urbem,
2254 1723 2443 1774 vetus
2477 1709 2854 1794 superstitio
2892 1707 3089 1782 fovit,
3129 1707 3443 1793 aluitque.

1944 1810 2220 1876 Iudaeos
2267 1811 2461 1875 etiam
2510 1825 2739 1896 postea
2788 1831 2922 1873 non
2966 1808 3170 1873 fuisse
3212 1811 3443 1874 immu-

1938 1936 2059 1978 nes
2117 1937 2153 1978 a
2211 1912 2532 1979 solvendo
2587 1914 2714 1977 hoc
2768 1912 3184 1987 didrachmo,
3247 1913 3442 1977 doce·

1942 2038 2088 2080 mur
2130 2036 2213 2080 ex
2243 2016 2522 2100 epistola
2547 2015 2863 2100 origenis
2899 2014 2982 2077 ad
3019 2014 3439 2077 Africanum.

1935 2143 2036 2180 aaa
2075 2142 2161 2180 νυν
2196 2112 2486 2181 Ῑουδαιων
2521 2140 2591 2179 το
2622 2112 2966 2201 &deotmunt
3018 2115 3225 2191 ἇυτοις
3273 2115 3438 2200 (Ρω-

1938 2223 2175 2305 μαιοις)
2196 2224 2542 2297 remum-mv,
2575 2230 2642 2281 et
2665 2240 2816 2283 cum
2844 2240 3019 2281 nunc
3043 2238 3299 2298 quoque
3333 2219 3441 2280 Iu·

1940 2325 2095 2385 daei
2146 2321 2608 2384 didrachmum
2656 2321 2805 2383 illis
2856 2318 3223 2400 (Romanis)
3282 2334 3441 2402 pen-

1936 2422 2124 2489 dant.
2173 2423 2343 2485 Satis
2374 2434 2663 2508 apparet,
2692 2441 2834 2485 rem
2864 2420 3192 2486 Iudaicam
3218 2420 3438 2504 magni

1934 2524 2137 2589 fuisse
2191 2525 2315 2588 hac
2358 2539 2606 2600 aetate,
2675 2538 2745 2587 et
2796 2523 2901 2588 vel
2950 2523 3017 2585 in
3069 2523 3208 2608 ipsa
3271 2523 3435 2586 urbe

1937 2627 2287 2704 momenti,
2336 2640 2528 2711 atque
2559 2640 2732 2690 tanta
2765 2626 3104 2690 atrocitate
3126 2671 3144 2702 ,
3189 2638 3256 2688 et
3288 2646 3440 2708 pro-

1937 2730 2185 2793 miscue
2232 2727 2495 2813 quidem
2546 2748 2671 2812 per
2712 2749 2969 2792 causam
3016 2725 3321 2790 Iudaismi
3367 2728 3435 2788 in

1936 2810 2254 2915 populum
2314 2832 2664 2905 saevitum,
2730 2843 2800 2892 ut
2863 2828 3112 2891 sublata
3169 2827 3434 2891 tandem

1912 2951 2130 3015 *causa
2172 2930 2441 3014 dignum
2484 2930 2658 2993 istud
2701 2930 2943 2993 factum
2987 2943 3293 2994 censeret
3334 2952 3435 2995 se-

1937 3046 2162 3110 natus,
2217 3033 2401 3116 cujus
2446 3032 2761 3096 memoria
2803 3033 2870 3095 iu
2916 3052 3071 3097 aere
3114 3051 3436 3119 perenna-

1931 3148 2066 3199 :Fet-

2019 3240 2311 3302 Palmam
2358 3257 2505 3301 esse
2553 3236 2826 3300 Iudaeae
2869 3235 3271 3318 symbolum,
3325 3256 3433 3299 res

1937 3354 2110 3405 nota.
2153 3340 2405 3403 Plinius
2437 3353 2527 3417 ὃ»
2578 3343 2833 3404 Iudaea
2859 3360 3012 3403 vero
3042 3342 3302 3421 inclyta
3333 3354 3429 3400 ese

1936 3442 2046 3504 vel
2074 3446 2294 3525 magis
2318 3445 2585 3524 palmis.
2662 3440 2670 3447 ’

2316 3650 2394 3707 V.
2437 3648 2504 3711 C.
2537 3645 2663 3709 850
2709 3649 2780 3711 Ρ.
2815 3646 2906 3712 Χ.
2941 3666 3046 3728 97.

1945 3748 2075 3812 ΤΒ.
2138 3752 2212 3813 Ρ.
2283 3749 2472 3814 COS.
2537 3749 2667 3813 III.
2736 3749 2939 3812 DES.
3005 3750 3136 3813 IV.
3191 3751 3265 3811 Ρ.
3336 3748 3429 3811 M

1927 3950 2153 4042 Nerva
2191 3954 2376 4034 Aug.
2414 3952 2549 4016 III.
2587 3856 2668 4016 fl}-
2712 3854 3025 4034 ῗίνςίηἰο
3077 3952 3252 4036 Rufo
3291 3973 3426 4014 cos.

2012 4157 2251 4241 Ingens
2329 4156 2579 4218 Romae
2665 4151 2935 4228 seditio,
3026 4173 3151 4235 qua
3241 4173 3429 4236 prae-

1930 4252 2168 4321 toriani
2249 4271 2549 4321 auctores
2622 4253 2841 4319 caedis
2914 4253 3268 4317 Domitiani
3339 4255 3428 4319 ad

1932 4372 2215 4421 mortem
2275 4358 2639 4444 postulant,
2726 4377 2972 4442 eosque
3032 4355 3192 4419 licet
3250 4352 3428 4419 relu-

1932 4473 2144 4523 ctante
2203 4462 2420 4527 Nerva
2480 4460 2880 4524 interimunt.
2962 4460 3146 4544 Ergo
3204 4460 3424 4522 Nerva

1932 4554 2338 4628 senectutem
2386 4584 2567 4628 suam
2610 4561 2833 4648 sperui
2874 4562 3161 4627 sentiens
3200 4560 3425 4645 Traja-

2206 4760 2213 4771 ’
2297 4794 2359 4864 e>
2389 4791 2454 4850 L.
2484 4790 2684 4847 val.
2717 4796 2764 4867 ς.
2784 4805 2837 4856 7.

3047 4790 3117 4863 d)
3150 4792 3298 4869 Cap.
3334 4805 3420 4854 12.

2279 4889 2343 4960 g)
2369 4884 2434 4941 L.
2465 4883 2626 4942 xm.
2656 4887 2703 4958 §.
2727 4889 2781 4948 6.
3350 4916 3359 4927 ·
