4509 5584
1056 621 1202 702 392

1063 794 1210 836 mus
1221 769 1520 854 projecto
1536 768 1792 849 grande
1808 768 2183 847 patientiae
2212 769 2554 829 documen·

1064 887 1238 948 tum,
1273 881 1342 933 et
1375 870 1978 932 sieutwetus'aetas
2004 868 2202 944 vidit,
2257 870 2420 948 quid
2454 870 2554 931 ul·

1062 977 1298 1037 timum
1325 972 1398 1034 in
1415 970 1729 1033 libertate
1762 981 1956 1045 essee,
1985 971 2089 1031 ita
2117 970 2452 1049 nos‚·quid
2477 972 2552 1031 in

1061 1075 1410 1148 servitute,
1460 1072 1763 1150 adempto
1794 1090 1920 1151 per
1967 1072 2440 1149 inquisitiones
2481 1083 2552 1132 et

1058 1174 1371 1254 loquendi
1392 1171 1832 1250 audiendique
1854 1174 2271 1236 commercia.
2295 1171 2553 1233 Memo-

1060 1278 1235 1337 riam
1267 1284 1521 1353 qaoque
1543 1274 1758 1354 ipsam
1792 1292 1941 1334 cum
1982 1291 2137 1333 voce
2159 1274 2547 1353 perdidisse-

1063 1396 1246 1452 mus,
1299 1376 1365 1436 si
1425 1385 1566 1434 tam
1594 1374 1681 1434 in
1729 1384 1959 1434 nostra
2002 1383 2341 1453 potestate
2381 1385 2554 1434 esset

1042 1460 1396 1551 'obli-visci,
1447 1492 1642 1553 quam
1669 1485 1909 1538 tacere.
1974 1475 2061 1536 Et
2082 1472 2203 1535 fuit
2236 1473 2376 1559 ejus
2410 1485 2554 1536 cru-

1061 1574 1292 1638 delitas
1342 1586 1517 1637 tanto
1564 1573 1774 1636 minus
1816 1573 2124 1651 ferenda,
2177 1575 2352 1658 quod
2403 1594 2549 1637 cum

1061 1675 1435 1739 incredibili
1493 1674 1893 1756 arrogantia,
1958 1695 2033 1738 ac
2081 1677 2353 1739 vanitate
2401 1695 2554 1739 con·

1059 1780 1275 1861 juncta
1311 1777 1453 1840 suit.
1517 1775 1698 1840 Idem
1720 1822 1737 1852 ,
1768 1777 1881 1860 qui
1912 1790 2219 1858 suscepto
2234 1764 2430 1840 'bello
2466 1798 2551 1861 ne

1060 1882 1203 1943 viso
1254 1878 1520 1963 quidem
1570 1878 1760 1940 hoste
1803 1877 2113 1941 reversus
2161 1872 2295 1956 est,
2354 1892 2421 1941 et
2472 1872 2556 1941 de

1060 1980 1258 2043 Dacis
1312 1980 1406 2042 sic
1459 1979 1912 2062 triumphavit,
1976 1992 2048 2040 ut
2094 1999 2225 2041 non
2277 1980 2561 2063 puderet

1061 2102 1342 2146 annuum
1362 2081 1489 2163 ‚eis
1519 2075 1833 2143 tributum
1868 2080 2287 2163 persolvere,
2333 2095 2432 2143 tot
2472 2095 2562 2144 ta-

1063 2202 1215 2245 men
1256 2202 1379 2264 per
1423 2181 1601 2245 urbis
1648 2182 1961 2265 regiones
2008 2203 2195 2244 arcus
2226 2203 2375 2245 eum
2409 2203 2561 2267 qua-

1063 2284 1303 2368 drigis,
1338 2297 1406 2347 et
1437 2284 1798 2368 insignibus
1835 2283 2346 2367 triumphorum,
2382 2282 2560 2368 quod

1063 2386 1343 2468 inspecti
1381 2386 1574 2449 etiam
1593 2385 1779 2450 -numi
1820 2398 2169 2460 testantur,
2214 2384 2559 2462 exstruxit,

1065 2500 1226 2570 quot
1251 2500 1317 2549 et
1338 2501 1609 2571 quantos
1642 2500 1790 2551 ante
1830 2508 1979 2549 eum
2004 2505 2209 2550 ,nemo
2255 2490 2338 2566 ⁸).
2399 2475 2560 2570 Sep-

1064 2589 1425 2666 tembrem,
1499 2604 1565 2653 et
1627 2589 1989 2653 Octobrem
2050 2609 2131 2652 ex
2170 2588 2559 2651 ⁴nominibus

1067 2691 1198 2753 suis
1254 2689 1754 2764 Germanicum,
1810 2692 2405 2771 Domitianumque
2452 2710 2560 2773 ap·

1070 2793 1374 2877 pellavit‚
1449 2794 1620 2876 quod
1684 2791 1895 2855 altero
1943 2789 2309 2874 imperium·
2349 2811 2567 2855 susce-

1064 2897 1304 2980 pisset,
1380 2895 1590 2958 altero
1657 2906 1842 2955 natus
1917 2905 2093 2955 esset
2124 2889 2211 2973 ¹³).
2295 2893 2561 2956 Flaviae

1064 2998 1242 3079 genti
1273 2997 1590 3081 templum
1627 2995 1846 3060 erexit
1878 3003 1973 3076 c),
2016 3014 2092 3059 ac
2128 2992 2410 3077 denique
2452 2991 2565 3055 do·

1065 3100 1310 3161 minum
1344 3118 1436 3173 se,
1475 3097 1801 3182 deumque
1840 3095 2259 3177 compellavit
2289 3094 2450 3178 ipse,
2500 3107 2569 3157 et

1070 3199 1456 3283 compellari
1488 3219 1559 3262 se
1597 3198 1677 3261 ab
1710 3198 1854 3262 aliis
1896 3196 2098 3261 voluit
2129 3193 2193 3277 d)
2213 3240 2231 3271 ‚
2278 3198 2440 3279 quos
2470 3196 2564 3256 in-

1069 3322 1259 3365 sanos
1304 3300 1529 3364 titulos
1566 3319 1649 3361 ex
1679 3301 1894 3361 numis
1929 3298 2195 3384 quidem
2225 3310 2563 3373 extorres,

1072 3402 1379 3487 operibus
1421 3414 1643 3466 tamen
1686 3399 1930 3485 figlinis
1980 3399 2332 3482 inscriptos
2376 3416 2566 3481 repe-

1070 3504 1161 3567 rit
1212 3504 1548 3568 Passerius
1576 3506 1682 3585 ἐ),
1762 3517 1833 3565 ut
1889 3515 2141 3566 taceam
2197 3499 2567 3584 aequalium

1075 3606 1498 3689 scriptorum,
1573 3624 1646 3668 ac
1685 3603 2038 3688 praecipue
2084 3616 2430 3687 poetarum
2474 3602 2570 3663 in-

1075 3706 1269 3789 genia
1316 3707 1383 3767 in
1426 3705 1907 3770 adsentationes
1965 3702 2370 3787 praecipitia.
2456 3703 2569 3765 At·

1075 3825 1203 3892 que
1261 3806 1370 3871 hic
1411 3807 1710 3869 dominus
1758 3805 2050 3889 deusque
2104 3803 2396 3890 quotidie
2444 3803 2566 3866 sibi

1074 3909 1309 3973 horam
1384 3909 1708 3991 seposuit,
1791 3928 1915 3992 qua
1991 3904 2213 3969 venari
2280 3924 2564 3983 muscas,

1078 4026 1146 4076 et
1191 4011 1344 4075 stilo
1388 4009 1723 4096 configere
1765 4008 2039 4071 instituit
2077 4006 2152 4090 f).
2230 4007 2411 4070 Nihil
2437 4029 2566 4072 ma-

1079 4113 1198 4198 gis:
1217 4114 1510 4198 ineptum
1557 4111 1859 4178 convivio
1891 4110 2192 4185 funebri,
2267 4109 2444 4196 quod
2482 4110 2571 4175 vi-

1075 4218 1168 4281 ris
1216 4214 1397 4280 urbis
1447 4214 1843 4298 gravissimis
1898 4213 2261 4299 apparavit,
2325 4212 2571 4277 descri-

965 4368 973 4379 .
1075 4321 1333 4405 psitque
1369 4319 1626 4403 prolixe
1662 4317 1792 4380 Dio
1839 4319 1921 4398 s).
2012 4312 2232 4406 Quare
2279 4335 2363 4378 eo
2398 4334 2572 4377 mor·

1079 4436 1192 4485 tuo
1236 4422 1325 4484 ita
1378 4422 1647 4483 laetatus
1710 4431 1812 4481 est
1866 4430 2157 4493 senatus,
2236 4429 2311 4480 ut
2368 4416 2572 4479 conti-

1040 4564 1045 4569 ’
1155 4576 1219 4646 a)
1259 4573 1419 4630 Suet.
1456 4593 1505 4632 c.
1531 4584 1612 4634 ιδ.
1797 4569 1869 4643 h>
1904 4554 2051 4628 ibid.

1082 4665 1205 4721 tab.
1223 4671 1313 4725 74.
1352 4662 1422 4718 T.
1442 4662 1542 4718 111.
1575 4660 1696 4716 tab.
1718 4663 1805 4723 26.
1842 4669 1932 4724 58.

1084 4774 1134 4812 e.
1157 4764 1246 4817 23.
1414 4751 1464 4821 i)
1504 4748 1654 4809 Hist.
1689 4767 1882 4808 arcan.
1916 4770 1966 4811 c.
1988 4757 2040 4816 8.

1084 4840 1400 4903 Tom.xn.
1430 4858 1565 4915 pag.
1591 4849 1743 4951 ³¹4ss
1810 4914 1817 4921 ¹

2239 4574 2302 4643 c)
2343 4568 2504 4628 Suet.
2539 4588 2666 4646 cap.
2688 4585 2738 4630 1.
2769 4580 2823 4631 5.

2043 4658 2096 4732 O
2136 4658 2297 4717 Suet.
2329 4678 2378 4716 c.
2401 4671 2452 4724 3.
2490 4659 2604 4716 Dio
2634 4657 2920 4718 L.1.·XV1.
2952 4660 3000 4732 §.
3019 4670 3072 4731 9.

2213 4750 2285 4821 k)
2328 4748 2484 4809 Suet.
2519 4762 2677 4813 ολδ.

2225 594 2995 669 DOMITIANVS.
3071 661 3082 671 .

2668 785 2800 828 nuo
2850 763 3112 849 juberet
3170 763 3374 824 scalas
3416 748 3683 841 inferri,
3757 764 4161 849 clypeosque

2669 880 2737 928 et
2775 865 3092 949 imagines
3144 863 3286 946 ejus
3329 883 3549 928 coram
3594 862 3895 943 detrahi,
3954 879 4024 931 et
4052 865 4164 928 ad·

2667 960 2809 1050 fligi
2859 967 3040 1044 solo,
3097 961 3452 1031 novissime
3499 964 3867 1031 eradendos
3908 966 4156 1051 ubique

2666 1067 2938 1140 titulos‚-
2996 1065 3516 1153 abolendamque
3592 1088 3857 1153 omnem
3916 1088 4160 1134 memo·
4206 1109 4220 1124 ·

2663 1170 2829 1231 riam
2879 1167 3277 1233 decerneret
3316 1167 3407 1251 h).
3500 1174 3714 1255 Atque
3760 1170 3930 1234 haec
3985 1171 4161 1253 priu-

2667 1289 2838 1351 eeps-
2858 1289 3049 1332 causa
3087 1268 3244 1349 fuit,
3295 1292 3415 1335 cur
3448 1273 3812 1356 Procopius
3842 1292 4008 1336 aevo
4038 1291 4157 1334 suo

2666 1371 2923 1433 unicam
2975 1370 3379 1455 superfuisse
3426 1386 3676 1436 tantum
3711 1373 3853 1452 ejus
3890 1384 4156 1435 statuam

2667 1471 2955 1556 potuerit
2986 1472 3322 1548 adserere,
3358 1473 3480 1535 etsi
3517 1473 3741 1556 putida
3765 1473 3887 1550 ibi,
3917 1485 3997 1557 qut
4027 1474 4160 1556 pla·

2666 1594 2751 1637 ne
2788 1574 3104 1655 conjiei0‚
3141 1574 3422 1637 admixta
3458 1574 3675 1637 fabula
3713 1572 3786 1655 ἱ).
3853 1577 3942 1637 At
3971 1574 4156 1638 miles

2666 1694 2929 1738 caesum
3000 1675 3444 1738 Domitianum
3517 1672 3901 1759 gravissime
3990 1676 4158 1752 tulit,

2669 1775 3013 1860 statimque
3059 1795 3209 1839 eum
3248 1781 3471 1839 divum
3513 1776 3851 1862 appellare
3900 1791 4160 1843 conatus

2672 1890 2792 1954 est,
2815 1877 3153 1960 postulatis
3189 1876 3273 1942 ad
3321 1898 3633 1966 poenam,
3693 1876 3870 1962 quod
3908 1878 3977 1939 in
4002 1880 4160 1942 Ner-

2674 2001 2751 2042 va
2822 1999 3298 2063 exsequemur,
3376 1979 3611 2064 caedis
3654 1978 4030 2043 auctoribus
4073 1978 4164 2059 ¹¹).

2674 2080 2877 2143 Causa
2908 2080 3063 2142 tanti
3091 2080 3383 2143 adfectus
3414 2075 3536 2144 fuit
3555 2079 3949 2164 stipendium
3983 2100 4162 2162 quar-

2674 2194 2736 2243 ta
2775 2193 2961 2262 parte
3008 2193 3305 2260 auctum,
3354 2201 3478 2266 qua
3522 2182 3890 2247 inconsulta
3934 2180 4164 2244 libera-

2673 2280 3148 2360 litateffactum,
3179 2297 3251 2345 ut
3281 2298 3580 2347 cessante
3615 2284 3698 2348 ad
3715 2285 3839 2348 hos
3872 2295 4158 2366 sumptus

2673 2384 2927 2447 aerario
2962 2384 3615 2459 militumnumerum
3650 2400 4007 2471 cogeretur
4047 2385 4159 2445 im-

2675 2486 3014 2564 minuere,
3053 2484 3058 2489 ’
3093 2486 3468 2570 provinciae
3542 2507 3726 2575 vero¹
3776 2485 4160 2549 necessariis

2673 2586 3015 2671 praesidiis
3058 2589 3336 2652 nudatae
3386 2602 3567 2652 tanto
3615 2590 3821 2673 magis
3863 2587 4162 2651 barbaro-

2674 2710 2821 2752 rum
2855 2690 3335 2757 incursionibus
3368 2705 3671 2775 paterent
3707 2689 3781 2773 1).

2806 2794 2995 2860 onr
3037 2794 3378 2871 Domitia,
3428 2806 3494 2857 et
3527 2786 3610 2858 ex
3640 2814 3718 2858 ea
3752 2804 3943 2856 natus
3977 2788 4175 2856 filius.-

2680 2894 2853 2965 Vide
2886 2882 3058 2958 infra
3087 2891 3155 2954 in
3191 2896 3403 2957 numis
3439 2894 3792 2959 Domitiae.

3208 3042 3247 3079 a*
3415 2996 3456 3033 Δ,
3626 3044 3665 3081 ἦ

2814 3097 3011 3165 Numi
3059 3095 3142 3159 ad
3203 3104 3438 3161 annum
3505 3096 4016 3183 praecedentem
4075 3095 4183 3157 de·

2682 3200 2943 3282 scripti,
2980 3199 3090 3284 qui
3133 3199 3283 3263 trib.
3317 3213 3714 3282 potestatem
3747 3200 3895 3269 XV.
3937 3212 4006 3260 et
4037 3216 4186 3259 con·

2673 3302 2952 3393 sulatum
2985 3300 3189 3366 xvn.
3228 3315 3568 3380 memorat,
3602 3301 3797 3363 etiam
3833 3301 4008 3362 hunc
4063 3288 4185 3362 sibi

2680 3425 2918 3487 annum
2951 3401 3298 3466 vindicant.
3359 3402 3540 3465 Certi
3576 3404 3768 3485 hujus
3799 3402 3950 3464 anni
3985 3399 4181 3474 numi,

2680 3505 2985 3589 intelligo
3029 3502 3423 3566 tribunatum
3466 3504 3642 3573 xvl.
3702 3502 4174 3587 praeferentes,

2680 3607 2969 3673 nondum
3002 3609 3275 3690 reperti.
3414 3689 3451 3725 *ι

2823 3764 2828 3767 -
3204 3737 3243 3773 ⁴*
3357 3732 3368 3742 ⁶
3622 3735 3661 3771 ⁴*

2807 3808 3091 3872 Numum
3129 3807 3671 3883 consecrationis,
3720 3826 3916 3892 quem
3948 3825 4031 3871 ex
4061 3808 4176 3866 Pa-

2683 3910 2819 3973 tino
2883 3910 3232 3996 descripsit
3295 3900 3794 3985 Mediobarbus,
3881 3907 4082 3971 fuisse
4132 3929 4170 3969 a

2681 4011 2946 4079 falsario
2982 4012 3302 4077 intrusum
3324 4057 3341 4090 ‚
3381 4010 3720 4111 docuitcl.
3751 4010 3977 4076 Valois
4005 4014 4104 4089 ιιι).

3115 4174 3130 4183 α
3189 4182 3433 4259 Numi
3472 4197 3689 4277 vagi.

2968 4312 3546 4382 DOMITIANVS.
3615 4312 3819 4381 AVG.
3899 4314 4174 4378 Genu.

2978 4416 3195 4493 Caput
3224 4420 3490 4480 nudum.

3008 4569 3077 4644 d)
3119 4570 3280 4627 Suet.
3320 4590 3371 4628 c.
3392 4580 3478 4634 13.
3661 4570 3724 4641 e)
3763 4569 4015 4636 Lucem.
4046 4568 4112 4625 T.
4135 4568 4180 4624 1.

3221 4663 3287 4736 g)
3324 4658 3637 4721 1..va11.
3671 4661 3722 4730 ς.
3747 4671 3800 4731 9.
3913 4659 3985 4731 b)
4024 4657 4184 4715 Suet.

2850 4748 2902 4824 1>
2943 4749 3100 4807 Suet.
3138 4762 3262 4811 αῖ.
3301 4762 3383 4812 12.
3423 4750 3701 4809 Zonaras.
3892 4751 3980 4819 m)
4020 4746 4086 4805 Β.
4117 4746 4184 4804 1..

4051 4954 4084 4981 Ρ
