4509 5584
991 523 1130 604 168

1587 684 1885 750 Numi.-

997 837 1362 900 Commatc's
1400 835 1711 896 Romani.

1113 955 1370 1017 Horum
1388 954 1616 1015 -uullus
1646 953 1958 1016 hactenus
1991 953 2318 1033 cognitus.
2351 953 2482 1015 Ex-

989 1051 1114 1119 stat
1161 1070 1375 1120 tamen
1428 1055 1768 1139 probabile
1820 1058 1961 1139 ejus
2018 1069 2209 1138 caput
2257 1056 2324 1117 in
2367 1054 2479 1118 de-

986 1149 1171 1220 bario
1218 1158 1291 1223 C.
1330 1157 1519 1217 Marii
1566 1157 1812 1241 Trogi,
1884 1179 2077 1241 quem
2136 1158 2206 1218 in
2264 1158 2475 1220 numis

981 1257 1260 1341 Augusti
1311 1257 1393 1318 ad
1440 1280 1676 1320 anuum
1726 1260 1808 1326 V.
1841 1260 1912 1324 C.
1944 1262 2069 1342 737
2124 1259 2477 1343 descripsi,

985 1370 1053 1420 et
1103 1357 1368 1444 quidem
1408 1360 1474 1420 in
1515 1362 1849 1424 consortio
1894 1362 2178 1428 filiorum
2230 1360 2368 1444 caji
2409 1373 2479 1425 et

982 1457 1177 1523 Lucii
1214 1461 1586 1524 Caesarum.

990 1580 1353 1656 Commatis
1388 1582 1750 1662 peregrini.

1263 1692 2479 1766 IOTAIAN.A‹1›POA1THN.Ga-

1256 1813 1395 1881 put
1421 1801 1656 1862 Iuliae.

858 1901 863 1906 ·
950 1896 1338 1974 Amnem
1396 1897 1682 1963 HPAN.
1740 1895 2178 1965 xAP1Noc.
2263 1901 2476 1980 Caput

982 2003 1241 2065 Liviae.
1327 2003 1470 2067 ΑΕ.
1533 2001 1798 2085 (Haym.
1853 2004 2044 2066 Tom.
2081 2003 2160 2066 11.
2224 2022 2291 2084 p.
2329 2017 2473 2060 282.

984 2102 1326 2186 Vaillant.)

1109 2207 1363 2267 Numus
1402 2205 1673 2288 patriam
1718 2204 2109 2280 dissimulat,
2161 2201 2477 2285 suspicari

978 2322 1197 2374 tamen
1251 2306 1629 2387 Smyrnam,
1692 2306 1801 2369 vel
1856 2306 2258 2389 Pergamum
2303 2302 2476 2367 facit.

984 2408 1320 2493 Signatum
1370 2409 1519 2471 v-ivo
1564 2409 1864 2491 Augusto
1903 2420 2166 2492 praeter
2209 2404 2334 2468 alia
2376 2426 2480 2469 ar·

982 2512 1124 2595 guit
1162 2532 1403 2574 nomen
1452 2510 1721 2592 Liuiae,
1786 2528 1917 2592 quo
1972 2507 2250 2591 Augusti
2307 2528 2480 2569 uxor

980 2613 1134 2682 vivo
1199 2612 1436 2676 marito
1502 2610 1797 2694 praedita
1858 2609 2002 2674 fuit.
2091 2601 2477 2669 ΑΦΡΟΔῙ-

984 2708 1219 2794 ΤΗΣ,
1280 2717 1596 2788 Veneris,
1650 2731 1893 2775 nomen
1944 2733 1981 2773 a
2032 2709 2301 2772 Graecis
2351 2728 2477 2792 per

980 2814 1417 2879 adulationem
1465 2813 1741 2876 inditum
1786 2834 1935 2876 cum
1979 2814 2123 2896 ejus
2161 2811 2338 2876 vitae
2379 2809 2482 2873 iu·-

977 2917 1172 2982 famia
1208 2915 1483 3000 egregie
1528 2917 1965 2999 componitur.

979 3012 1332 3083 IOTAIA.
1408 3020 1623 3099 Caput
1665 3018 1981 3078 muliebre
2032 3016 2364 3092 velatum,
2409 3013 2484 3078 iu

982 3141 1181 3186 numo
1218 3118 1507 3202 Tripolis
1541 3117 1803 3197 Cariae,
1862 3136 1994 3197 quo
2027 3115 2334 3180 exhiberi
2363 3136 2486 3180 no·

982 3237 1183 3286 stram
1214 3221 1381 3283 hanc
1417 3220 1675 3296 Iuliam,
1721 3220 1788 3281 in
1826 3218 1969 3303 ejus
2002 3217 2181 3283 urbis
2213 3230 2480 3283 moneta

982 3323 1343 3396 verisimile
1383 3320 1539 3388 dixi.

1110 3425 1395 3486 Numum
1440 3422 1743 3507 'Ephesiz
1833 3418 1945 3487 M.
2016 3417 2473 3506 APPIIIIIA.

988 3519 1343 3594 ΙΟΤΛΙΑ.
1450 3528 1689 3606 Capita
1759 3525 2143 3605 Agrippae,
2235 3537 2304 3587 et
2372 3525 2490 3586 Iu-

989 3630 1155 3701 liae,
1217 3647 1413 3711 quem
1466 3625 1754 3708 vulgavit
1788 3626 2113 3690 Sestinius
2140 3627 2238 3710 ⁸),
2285 3623 2484 3692 valde

990 3742 1363 3814 suspectum
1399 3726 1723 3791 existimo.

1110 3830 1275 3912 Ejus
1319 3828 1515 3894 etism
1557 3826 1805 3893 mentio
1862 3825 1938 3892 fit
1989 3828 2057 3891 in
2114 3847 2324 3891 numo·
2357 3827 2484 3892 filii

987 3932 1322 4018 Agrippae
1360 3931 1678 3996 Postumi.

1116 4034 1262 4098 Soli
1290 4047 1441 4099 suut
1464 4033 1533 4095 hi
1566 4030 1781 4109 numi,
1816 4049 1980 4115 quos
2010 4000 2139 4093 sibi
2166 4029 2328 4095 Iulia
2361 4050 2482 4094 no-

988 4152 1119 4200 stra
1170 4129 1377 4220 possit
1423 4135 1774 4200 vindicare.
1838 4133 1913 4195 Si
1955 4132 2271 4197 arbitrum
2313 4135 2480 4197 Har·

988 4236 1254 4301 duinum
1301 4237 1559 4328 audias,
1615 4235 1970 4302 cumulatas
2018 4234 2288 4298 habebis
2336 4236 2478 4320 ejus

990 4360 1183 4426 opes3
1246 4361 1396 4403 nam
1450 4340 1517 4404 ei
1560 4336 2018 4403 decernendos
2048 4335 2314 4421 ‚punivit
2362 4359 2482 4401 nu·

988 4432 1130 4507 mos
1178 4462 1447 4520 omnes,
1502 4440 1617 4527 qui
1667 4442 1887 4505 Iuliae
1939 4440 2293 4521 Augustae
2342 4441 2484 4523 epi-

987 4542 1287 4628 graphen
1321 4542 1646 4621 offerunt,
1689 4542 1779 4634 de
1813 4562 1946 4628 quo
1979 4541 2125 4624 ejus
2159 4561 2475 4623 perverso

1065 4750 1128 4819 a)
1163 4746 1402 4805 Lettero
1420 4731 1499 4806 ⁵1&
1517 4749 1615 4809 lV.
1646 4769 1707 4826 p.
1729 4761 1847 4811 1¹2.

1994 4748 2066 4823 b)
2105 4746 2242 4804 Mel.
2268 4747 2342 4806 11.
2379 4766 2440 4826 p.
2463 4757 2550 4814 18.

2123 519 2463 596 IVLIA
2530 521 2791 598 AVG.
2859 521 2944 592 F.

2593 687 2836 773 judicio
2871 685 3030 764 satis
3066 684 3385 770 disputavi
3427 685 3498 748 iu
3539 697 3812 749 moneta
3829 685 4080 764 Liviae,

2596 791 2703 855 cui
2746 788 3007 852 ii-haud
3050 787 3244 851 dubie
3295 801 3444 851 sunt
3491 787 3846 856 tribuendi.
3923 788 4083 852 Nol·

2597 893 2732 955 lem
2768 891 2850 954 ad
2887 889 3167 973 lapidem
3208 888 3489 952 eundem
3534 888 3888 953 offendisse
3926 890 4083 954 insi-

2598 1015 2791 1078 gnem
2828 992 3293 1067 Pollex-iniiam,
3342 990 3458 1075 qui
3498 999 3848 1076 sequentes
3887 990 4081 1055 binos

2591 1097 2744 1162 huie
2782 1095 2985 1159 Iuliae
3027 1093 3252 1155 tribuit
3282 1091 3378 1172 b),

2915 1189 3393 1256 ΣΕΒΑΣΤΗ.
3477 1186 4080 1258 ΕΔΕΣΣΑῙΩΝ.

2927 1298 3138 1376 Caput
3175 1294 3414 1358 Iuliae.

2590 1397 2712 1464 TI.
2735 1391 3118 1460 ΚΑῙΣΑΡ.
3134 1387 3677 1459 ΣΕΒΑΣΤΟΣ.
3730 1395 3944 1477 Caput
3979 1394 4087 1457 Ta·-

2589 1501 2763 1561 bere'i
2796 1501 3062 1560 nudum.
3111 1496 3249 1560 ΑΕ.
3290 1498 3369 1561 11.
3515 1531 3518 1536 ·

2715 1599 2882 1662 Cum
2926 1597 3238 1660 Tiberius
3278 1597 3346 1658 in
3389 1598 3518 1660 hoe
3573 1614 3776 1659 numo
3829 1593 4084 1658 dicatur

2593 1702 2985 1781 Augustus,
3032 1720 3267 1762 numus
3311 1698 3420 1762 hie
3463 1718 3545 1761 eo
3589 1698 3956 1781 imperante
3995 1696 4090 1760 si-

2590 1813 2818 1882 gnatus
2863 1814 3000 1877 est,
3063 1802 3174 1885 qui
3229 1815 3447 1863 tamen
3502 1800 3568 1862 in
3624 1799 3852 1882 primis
3907 1798 4094 1862 curia

2588 1900 2841 1977 habuit,
2886 1922 3164 1966 uxorem
3205 1923 3242 1966 e
3289 1899 3511 1964 medio
3550 1899 3817 1966 tollere.
3874 1904 4088 1984 Impe-

2589 2004 2761 2066 rium
2816 2004 2873 2068 is
2929 2002 3132 2067 adivit
3187 2015 3473 2064 exeunte
3529 2002 3827 2084 Augusto
3879 2002 3963 2069 V.
4003 1991 4082 2065 ὅ.

2589 2103 2755 2187 767,
2814 2117 2883 2168 et
2937 2097 3175 2169 eodem
3227 2096 3440 2166 ad‘huo
3496 2122 3665 2167 anno
3716 2101 3946 2166 Iuliam
3999 2103 4090 2168 ad

2589 2219 2873 2270 mortem
2927 2198 3179 2289 adegit.
3227 2206 3583 2268 Praeterea
3634 2226 3716 2267 au
3764 2203 4094 2270 verisimi-

2587 2310 2656 2372 le
2703 2321 2836 2385 est,
2894 2305 3268 2370 Edesseuos
3318 2304 3744 2369 Macedoniae
3789 2305 4078 2372 voluisse

2590 2429 2863 2472 uxorem
2899 2421 3217 2492 spretam,
3262 2406 3331 2469 iu
3368 2407 3590 2471 ltaliae
3640 2410 3881 2492 angulo
3926 2427 4086 2471 exu-

2587 2511 2760 2587 lem,
2842 2510 2969 2593 ipsi
3035 2508 3335 2571 Tiberio‘
3387 2509 3726 2593 propalam
3805 2510 4083 2574 invisam

2590 2630 2740 2676 eum
2784 2612 3015 2675 marito
3059 2611 3130 2672 in
3175 2610 3410 2674 eadem
3467 2623 3730 2674 moneta
3789 2611 4085 2699 sociare,

2590 2714 2785 2798 eique
2830 2700 3092 2776 titultsm
3137 2714 3500 2794 Augustae
3538 2712 3820 2789 addere,
3884 2732 4086 2799 quem

2583 2835 2734 2879 eam
2791 2835 3074 2899 uuquam
3128 2815 3357 2878 tulisse
3411 2816 3598 2879 nullo
3657 2827 4088 2880 monumento

2495 2969 2504 2976 .
2588 2917 2858 3003 probari
2894 2916 3153 3000 potest?
3197 2917 3318 2980 Est
3357 2936 3525 3001 ergo
3566 2937 3800 2980 numus
3838 2915 3956 2982 hie
3985 2919 4090 2982 Iu-

2593 3019 2723 3082 liae
2757 3017 3012 3082 Tiberii
3048 3017 3298 3088 matris.

2917 3116 3274 3186 IOTAIA.
3321 3114 3808 3189 ΣΕΒΑΣΤΗ.
3869 3122 4087 3205 Caput

2919 3222 3160 3284 Iuliae.

2589 3315 3268 3386 ΚΑΡΠΟΦΟΡΟΣ.
3313 3322 3395 3386 L.
3432 3315 3587 3386 ΛΔ.
3652 3323 3911 3386 Manus
3953 3336 4091 3387 tres

2588 3426 2812 3507 spicas
2847 3437 3096 3488 tenens.
3135 3421 3279 3489 ΑΕ.
3314 3426 3428 3487 ΙΠ.

2615 3575 2619 3580 .
2723 3525 2952 3587 Annus
2993 3524 3291 3592 XXXIV.
3339 3545 3540 3589 numo
3583 3523 3936 3608 inscriptus
3982 3545 4094 3592 an-

2597 3647 2750 3690 uum
2782 3625 3045 3709 imperii
3080 3626 3358 3708 Augusti
3397 3641 3626 3706 aptare
3669 3647 3807 3690 nou
3845 3640 4092 3710 potest·

2471 3733 2478 3746 '
2595 3726 2759 3789 Nam
2796 3727 2920 3791 etsi
2953 3728 3098 3809 ejus
3131 3727 3385 3791 initium
3416 3728 3692 3814 figamus
3726 3727 3810 3792 sd
3837 3741 4092 3794 autum—

2594 3848 2749 3892 num
2794 3830 2946 3892 anni
2985 3831 3069 3898 V.
3102 3831 3176 3896 C.
3215 3831 3374 3912 723,
3431 3854 3468 3893 a
3508 3833 3646 3915 quo
3685 3827 4089 3906 Antiochen-

2505 3935 2514 3942 ’
2594 3951 2700 4007 ses
2736 3952 2996 4017 quoque
3030 3953 3249 3996 aeram
3282 3930 3654 4008 deduxere,
3693 3922 3928 3995 numus
3956 3929 4093 4006 hic.

2595 4035 2900 4120 quoniam
2941 4033 3010 4096 iu
3052 4033 3176 4098 hac
3219 4035 3546 4099 sententia
3584 4032 3872 4117 signatus
3912 4045 4090 4097 esset

2519 4136 2677 4200 ab
2730 4149 3037 4201 autumno
3096 4134 3178 4205 V.
3217 4136 3291 4200 C.
3330 4136 3493 4218 756.
3551 4154 3771 4220 neque
3824 4134 4092 4211 Liviae,

2592 4257 2810 4324 neque
2845 4239 2985 4323 ejus
3013 4221 3355 4323 privignae
3388 4236 3595 4300 Iuliae
3628 4236 3872 4318 poterit
3914 4257 4092 4301 oom-

2594 4354 2863 4427 petere3
2935 4360 3065 4403 non
3126 4339 3395 4416 Liviae,
3453 4338 3757 4423 quoniam
3819 4359 3897 4403 ea
3960 4339 4087 4403 hoc

2593 4461 2768 4506 anuo
2806 4454 2874 4504 et
2909 4441 3149 4519 Iuliae,
3200 4454 3271 4505 et
3298 4442 3630 4525 Augustae
3676 4442 3943 4505 nomine
3982 4437 4092 4508 ad·

2593 4544 2724 4608 huc
2767 4543 3010 4624 caruit3
3069 4562 3203 4606 non
3247 4543 3484 4619 Iuliae,
3542 4542 3692 4628 quia
3745 4543 3875 4626 jam
3925 4542 4088 4607 iude
