4509 5584
984 580 1078 650 38

992 731 1185 820 gui-io
1215 726 1533 812 subjiciat,
1566 724 2001 817 explicabitur
2029 725 2097 789 in
2134 725 2481 796 nnmo'Vi·

984 833 1193 898 telliiz
1240 830 1545 899 xvvm.
1590 830 1774 895 SAC.
1810 828 2002 895 FAC.
2045 829 2153 895 De
2188 828 2478 895 Antonio

984 952 1242 1018 ⁸augure
1274 929 1464 999 infra.

1505 1078 1546 1119 ἠ
1712 1029 1753 1069 0

1323 1134 1567 1217 Caput
1579 1133 1880 1198 Antonii
1915 1133 2268 1197 beirbatum
2304 1131 2481 1197 vela·

1315 1248 1476 1311 tum,
1488 1255 1661 1317 prae
1684 1253 1811 1314 quo
1838 1235 2078 1312 lituus,
2099 1256 2482 1321 ponepraae-

1293 1335 1690 1420 fericulum.

984 1445 1062 1506 P.
1101 1436 1610 1507 SEPVLLIVS.
1647 1433 1978 1498 MACER.
2025 1436 2348 1499 Desultor
2386 1436 2486 1500 bt·

992 1566 1116 1627 (tos
1147 1562 1351 1623 equos
1381 1542 1696 1602 incitans.
1742 1537 1881 1598 AB.
1922 1538 2122 1618 (Mus.
2152 1536 2374 1617 Caes.)

1008 1650 1017 1658 ‘
1312 1642 1408 1706 Μ.
1425 1637 1902 1705 ANTONIVS.
1925 1639 2191 1706 IIIVIR.
2208 1639 2293 1706 R.
2312 1638 2388 1704 P.
2409 1636 2483 1702 C.

1327 1744 1543 1824 Caput
1572 1741 1822 1803 nudum
1854 1740 2227 1806 barbatum.

990 1850 1071 1912 L.
1104 1845 1432 1911 Mussidii
1463 1842 1718 1924 Longi,
1756 1839 1902 1906 vel:
1945 1843 2017 1903 P.
2051 1841 2306 1918 Clodii,
2338 1839 2484 1907 vel.

986 1951 1184 2013 ‚Vibii
1227 1947 1399 2010 Vari
1438 1955 1563 2006 etc.
1601 1960 1766 2027 quos
1804 1941 1957 2010 vide
2003 1941 2372 2027 descriptos
2412 1940 2483 2005 in

992 2048 1268 2134 singulis
1304 2043 1589 2113 familiis.

1715 2143 1756 2183 ο

1510 2191 1550 2230 ιι
1921 2187 1963 2226 e
2313 2188 2324 2193 ·

1316 2248 1413 2312 Μ.
1430 2245 1986 2312 ΑΝΤΟΝῙᾸΜΡ.
2027 2244 2241 2329 Caput
2269 2244 2487 2309 Anto-

1320 2352 1424 2412 nii
1458 2349 1829 2412 barbatum.

997 2452 1263 2521 mvm.
1306 2451 1392 2514 R.
1440 2449 1515 2514 P.
1562 2449 1634 2511 C.
1710 2449 2020 2512 Protome
2069 2444 2251 2510 Solis
2304 2449 2491 2512 intra

990 2556 1310 2638 templum
1350 2552 1698 2634 distylum.
1743 2551 1883 2614 AR.
1920 2551 2119 2630 (Mus.
2152 2548 2372 2631 Caes.)

1332 2656 1551 2735 Caput
1577 2652 1879 2715 Antonii
1905 2652 2255 2713 barbatum
2272 2695 2289 2729 ,
2314 2674 2487 2737 pone

1321 2756 1555 2820 lituus.

994 2863 1087 2928 Μ.
1124 2855 1600 2923 ANTONIVS.
1631 2851 1900 2920 luvm.
1932 2852 2016 2918 R.
2044 2852 2121 2918 P.
2153 2853 2228 2918 C.
2277 2855 2493 2939 Caput

1003 2962 1187 3027 Solis
1215 2962 1577 3022 radiatum.
1621 2955 1764 3024 AV.
1799 2955 2004 3036 (Mus.
2037 2953 2261 3038 Caes.)
2353 2950 2358 2957 ’

1124 3063 1195 3125 Si
1228 3057 1683 3135 Vaillantium‚
1732 3070 1801 3119 et
1836 3054 2335 3119 Mediobarbum
2379 3078 2490 3120 au·

999 3166 1170 3241 dias,
1234 3161 1502 3246 fingitur
1548 3160 1618 3221 in
1668 3158 1770 3220 his
1820 3157 2034 3221 numis
2091 3158 2244 3237 Sol,
2312 3158 2488 3244 quod

998 3271 1095 3330 M.
1137 3265 1458 3330 Antonius
1509 3258 1811 3336 Osirim,·
1845 3260 1959 3342 qui
2002 3240 2342 3344 Aegyptiis
2391 3263 2491 3326 sol

1000 3379 1134 3442 est,
1211 3385 1281 3429 se
1342 3362 1474 3425 dici
1532 3361 1760 3424 voluit.
1844 3362 2336 3444 Havereampus
2399 3376 2496 3442 ty-

916 3508 924 3517 ·
997 3488 1154 3554 pum
1233 3464 1316 3529 ad
1387 3462 1636 3525 bellum
1711 3460 1970 3523 Parthis
2044 3461 2335 3540 illatum,
2424 3475 2494 3527 et

1003 3590 1204 3655 opera
1258 3563 1553 3633 Ventidii
1610 3561 1978 3627 confectum
2037 3575 2340 3641 revocat,
2408 3582 2493 3628 ex

1009 3691 1139 3756 quo
1182 3665 1515 3739 Orientis,
1566 3661 1750 3747 cujus
1794 3663 1897 3726 sol
1937 3661 2303 3745 symbolum
2345 3663 2497 3744 fuit,

1005 3773 1290 3837 domitor
1355 3765 1569 3831 videri
1634 3763 1888 3829 voluit.⁴
1940 3765 2193 3833 Verum
2268 3786 2500 3830 omnes

1003 3877 1122 3945 has
1181 3872 1591 3955 conjecturas
1642 3864 1896 3951 liquido
1955 3866 2210 3931 refellit
2263 3868 2495 3948 barba,

1007 3997 1172 4063 quae
1216 3970 1569 4037 Antonium
1619 3968 1689 4029 in
1740 3968 1932 4052 hujus
1981 3969 2231 4048 solum,
2290 3985 2359 4034 et
2400 3991 2502 4035 se·

1007 4077 1263 4163 quentis
1322 4071 1472 4169 apni
1530 4069 1814 4134 denariis
1873 4070 2186 4149 honorat,
2252 4094 2383 4157 quo
2439 4073 2496 4136 is

1003 4195 1306 4262 tempore
1367 4173 1651 4237 necdum
1713 4171 1927 4236 Osiris
1981 4171 2198 4237 videri
2254 4173 2497 4252 voluit,

1006 4280 1289 4345 necdum
1340 4275 1452 4340 de
1522 4273 1832 4338 Parthico
1908 4272 2091 4338 hello
2168 4275 2500 4360 cogitavit.

1005 4382 1290 4459 Videtur
1331 4397 1494 4461 ergo
1532 4377 1706 4440 hunc
1748 4389 1972 4461 typum
2015 4376 2260 4461 legisse
2300 4378 2504 4441 Anto·

1002 4485 1184 4560 nius,
1243 4477 1420 4566 quod
1470 4491 1647 4542 esset
1691 4498 1935 4562 augur,
1992 4478 2177 4562 cujus
2227 4493 2369 4544 erat
2412 4478 2497 4543 de

1006 4585 1200 4649 coelo
1247 4601 1549 4657 servare,
1592 4580 1699 4643 vel
1743 4579 1913 4666 quod
1953 4580 2196 4664 ApoJlo
2241 4580 2525 4664 augurii·

1079 4760 1153 4880 ..ᾗ
1181 4808 1246 4863 L.
1272 4805 1475 4862 XLVI.
1512 4807 1559 4877 ς.
1587 4817 1669 4867 50.
1820 4802 1891 4875 b)
1929 4802 2111 4879 Epist.
2142 4815 2232 4877 91.

2130 554 2231 627 Μ.
2297 550 2939 637 ANTONIVS.

2589 744 2859 811 praeses
2909 734 3047 806 est,
3130 722 3310 812 qnod
3380 722 3598 810 ipsum
3663 723 4087 813 confirmatur

2589 846 2824 905 numo,
2878 846 3078 912 quem
3124 824 3417 891 dabimus
3468 826 3551 891 ad
3579 827 3975 895 *ennum'V.
4008 828 4084 893 G.

2589 929 2756 1010 718,
2811 928 2885 990 in
2941 948 3073 1013 quo
3129 927 3285 995 hinc
3327 928 3647 995 Antonius
3697 928 3927 995 habitu
3975 952 4087 994 su·

2589 1029 2807 1114 gurali
2825 1028 3239 1114 procedens,
3287 1030 3471 1097 illinc
3509 1044 3704 1149 capnt
3741 1031 3915 1097 Solis
3957 1029 4078 1094 fln-

2593 1141 2920 1215 guntur.

3107 1261 3155 1300 ¹}
3315 1212 3356 1252 *
3524 1260 3566 1301 0

2920 1335 3230 1398 Protome
3264 1337 3610 1399 Ποῖον-ὄπ
3640 1334 3853 1400 alata.

2591 1432 3080 1506 LVGVDVNI.
3093 1436 3177 1503 A.
3192 1435 3336 1502 XL.
3363 1436 3502 1501 Leo
3520 1438 3860 1528 gradiens.
3880 1433 4082 1532 Quin.

2595 1539 2798 1620 (Mus.
2832 1536 3051 1619 Caes.)
3299 1562 3304 1569 ·

2919 1638 3306 1708 111Vm.R.
3341 1638 3423 1706 P.
3459 1638 3535 1705 C.
3581 1626 3894 1705 Protome
3929 1642 4085 1705 Vic-

2925 1742 3143 1803 toriae
3183 1740 3395 1805 alata.

2598 1838 3513 1909 ANTON1.1MP.A.XL1.
3571 1841 3709 1906 Leo
3747 1842 4085 1929 gradiens·

2601 1939 2799 2036 Quin.
2838 1943 3038 2026 (Mus.
3069 1943 3291 2024 Caes.)

2724 2044 3091 2129 Vtrumque
3133 2044 3309 2108 hunc
3352 2041 3720 2130 quinarium
3767 2040 4092 2124 signatum

2598 2144 2940 2230 Lugduni,
3002 2145 3257 2209 celebri
3304 2147 3434 2230 jam
3479 2143 3637 2205 olim
3686 2142 3939 2208 Galliae
3983 2164 4093 2206 ur·

2597 2244 2723 2323 be,
2800 2245 2942 2330 ipsa
3006 2245 3364 2329 epigraphe
3425 2246 3889 2315 LVGVDVNI
3959 2264 4094 2306 ma·

2597 2348 2885 2411 nii'estat.
2945 2349 3046 2411 Ea
3088 2346 3216 2411 hoc
3256 2346 3401 2430 ipso
3448 2366 3657 2423 anno,
3699 2346 3770 2408 in
3814 2365 3946 2431 quo
3988 2360 4090 2409 su*

2599 2470 2781 2526 mus,
2837 2449 2922 2517 V.
2968 2449 3042 2513 C.
3085 2470 3205 2531 7¹¹
3266 2449 3445 2531 jussu
3498 2461 3757 2512 senatus
3814 2445 4092 2511 deducta

2603 2563 2705 2614 est
2749 2549 3010 2613 colonia
3059 2571 3096 2614 a
3138 2552 3220 2617 1..
3258 2549 3548 2613 Munatio
3586 2550 3866 2626 Planco,
3914 2548 4095 2611 testi·-

2602 2650 2726 2714 bus
2766 2650 2984 2714 Dione
3029 2652 3123 2734 ⁸),
3189 2651 3444 2717 Seneca
3484 2650 3590 2731 l³),
3645 2663 3716 2714 et
3765 2632 4093 2714 marmore

2605 2751 2876 2815 Gruter-i
2918 2753 3013 2835 0),
3061 2765 3129 2815 et
3172 2751 3394 2835 paucis
3436 2763 3586 2835 post
3629 2751 3961 2815 mensibus
4000 2753 4092 2813 Μ.

2605 2854 2875 2919 Antonii
2927 2853 3211 2937 imperio
3268 2853 3598 2939 subjecta,
3659 2854 3766 2917 cui
3820 2852 3889 2915 in
3946 2873 4098 2937 pro*-

2604 2956 2961 3023 vinciarum
3014 2954 3332 3022 divisione
3378 2977 3415 3018 a
3457 2953 3704 3019 Illviris
3750 2954 4095 3018 constituta

2608 3057 2805 3123 cessit
2857 3056 3070 3121 Gallia
3121 3075 3323 3133 nova,
3378 3055 3448 3120 in
3505 3077 3630 3141 qua
3678 3058 3873 3120 situm
3918 3057 4095 3140 Lug·

2606 3160 2872 3226 dunum.
2944 3160 3130 3242 Ergo
3184 3178 3352 3222 nova
3407 3156 3573 3221 haec
3626 3159 3886 3222 colonia
3941 3177 4098 3222 con·

2607 3262 2791 3323 tinuo
2817 3291 2826 3299 ·
2851 3258 3053 3323 fidem
3107 3280 3288 3322 snam
3338 3259 3798 3325 commendare
3849 3273 4097 3345 satage·

2605 3361 2716 3426 hat
2770 3360 3094 3438 Antonio,
3162 3380 3313 3424 cum
3365 3381 3598 3425 numos
3655 3362 3893 3426 feriret
3952 3363 4094 3445 ejus

2605 3461 2872 3525 nomine
2929 3460 3241 3544 insignes.
3325 3462 3595 3549 Alioqui
3659 3463 3739 3527 ab
3820 3485 3898 3528 ea
3961 3483 4094 3527 non

2605 3565 2957 3641 Plancum,
3030 3560 3151 3628 sed
3220 3567 3312 3626 Μ.
3372 3565 3730 3628 Antonium
3800 3578 4099 3630 nostrum

2613 3664 3062 3729 observantiae
3107 3686 3296 3730 causa
3339 3667 3749 3731 conditorem
3786 3666 4097 3753 agnitum,

2612 3767 2859 3853 colligo
2896 3787 2979 3830 ex
3018 3768 3312 3832 Senecae
3348 3767 3505 3832 ludo
3544 3770 3628 3832 de
3667 3782 3881 3833 morte
3914 3769 4102 3832 Clau-

2613 3869 2704 3932 dii
2751 3868 3061 3953 Augusti,
3121 3870 3189 3932 in
3240 3891 3370 3953 quo
3426 3869 3659 3935 Febris
3716 3870 3799 3933 ad
3846 3872 4102 3934 Hercu·

2609 3973 2746 4036 lem
2798 3971 2964 4035 haec
3016 3971 3101 4034 de
3152 3969 3461 4035 Claudio:
3534 3958 3855 4053 Lugduni
3901 3984 4106 4036 natus

2612 4084 2712 4137 est
2749 4073 2867 4155 (ex
2901 4070 3181 4136 Antonia
3209 4074 3302 4138 Μ.
3334 4072 3599 4136 Antonii
3623 4070 3825 4153 filia),
3873 4074 4104 4134 Marci

2612 4177 3007 4257 municipem
3037 4176 3249 4250 vides,
3286 4194 3416 4258 quo
3445 4174 3709 4237 nomine
3743 4172 3917 4241 haud
3946 4192 4101 4237 sane

2612 4276 2776 4341 alius
2810 4274 3092 4359 intelligi
3126 4287 3376 4359 potest,
3424 4297 3614 4359 quam
3649 4289 3876 4361 nos-ter
3913 4276 4103 4340 Mar·-

2612 4400 2730 4441 cus
2762 4377 3116 4454 Antonius,
3168 4376 3344 4459 quod
3385 4397 3469 4440 ex
3507 4377 3927 4461 sequentibus
3973 4399 4102 4439 am·

2611 4480 2784 4562 plius
2825 4477 3094 4562 patebit.
3148 4478 3358 4540 Primi
3394 4499 3558 4560 ergo
3596 4492 3744 4540 sunt
3784 4478 3852 4540 hi
3886 4479 4098 4555 numi,

2613 4581 2725 4664 qui
2795 4580 3119 4646 officinam
3187 4578 3698 4662 Lugdunensem
3769 4599 4100 4643 commen·

2383 4805 2449 4873 c)
2489 4804 2629 4880 Peg.
2659 4813 2788 4879 439.
2818 4808 2876 4862 n'.
2901 4813 2956 4869 8.
