4509 5584
1494 574 1723 648 sex.
1789 573 2404 652 POMPEIVS.
3403 599 3493 664 ῃ

376 743 685 809 diversus
734 741 863 807 fnit
896 765 935 808 a
968 743 1123 817 Sex.
1143 741 1463 831 Pompeio
1501 759 1765 824 nostro,
1814 762 1886 812 ut

375 846 635 911 diserte
664 846 796 910 Dio
829 848 925 931 ⁸),
980 842 1127 910 nain
1178 846 1415 911 eodem
1456 860 1624 912 teste
1658 869 1888 939 consu·

371 951 590 1029 latus,
656 951 773 1035 qui
804 949 1161 1013 destinatus
1199 948 1301 1011 illi
1333 947 1491 1028 fuit,
1537 964 1683 1015 orto
1713 951 1888 1015 inter

372 1050 681 1117 aemulos
712 1052 899 1117 hello
934 1051 1286 1139 abrogatus
1314 1064 1415 1115 est
1443 1049 1531 1135 b).
1582 1070 1607 1087 ³

510 1154 678 1237 Ejus
718 1153 1057 1239 ingenium
1107 1154 1211 1217 hie
1264 1153 1485 1219 verbis
1535 1152 1888 1239 descripsit

375 1256 689 1322 Velleius
719 1257 781 1338 0)
800 1276 820 1316 ι
879 1257 1012 1320 Hic
1047 1258 1432 1320 adolescens
1458 1269 1609 1319 erat
1638 1258 1889 1320 studiis

376 1361 579 1422 radis
594 1402 616 1435 ,
670 1371 971 1421 sermone
1016 1358 1365 1436 barbarus,
1420 1363 1672 1444 impetu
1722 1373 1889 1423 sere-

377 1481 579 1535 nuus,
607 1479 811 1521 manu
831 1470 1207 1540 promptus,
1251 1463 1665 1542 cogitatione
1692 1461 1885 1536 celer,

368 1558 511 1643 fide
532 1562 728 1642 patri
754 1559 1272 1638 dissimillimus,
1311 1562 1703 1624 libertorum
1738 1583 1890 1624 suo·

380 1683 537 1726 rum
587 1661 872 1723 libertus
893 1702 917 1736 ,
942 1680 1404 1742 servorumque
1447 1683 1671 1724 servus
1691 1706 1711 1741 ,
1752 1685 1893 1747 spe·

376 1765 593 1827 eiosis
622 1762 959 1838 invidens,
982 1773 1062 1824 ut
1085 1776 1353 1843 pareret
1383 1763 1806 1828 humillimis.

1004 1945 1288 2011 Numi.-

685 2065 877 2129 SEx.
910 2065 1186 2132 MAGN.
1209 2067 1430 2137 P1VS.
1451 2069 1629 2133 IMP.
1669 2070 1884 2154 Caput

691 2167 809 2231 Cn.
859 2170 1152 2250 Pompeji
1204 2172 1461 2253 patris,
1504 2172 1688 2253 infra
1713 2174 1890 2253 quod

642 2282 651 2291 ·
684 2268 873 2334 SAL.

374 2369 723 2431 PIETAS.
759 2372 1021 2434 Mulier
1049 2372 1239 2434 sta'ns
1272 2373 1338 2439 d.
1363 2391 1643 2450 ramum,
1678 2396 1731 2439 s.
1768 2374 1884 2436 ha-

374 2487 581 2536 stam.
613 2472 755 2535 AR.
785 2473 1134 2553 (More-lli
1116 2494 1182 2534 ιιι
1219 2473 1372 2538 fam.
1403 2474 1673 2557 Pomp.)

708 2571 983 2641 MAGN.
1042 2573 1258 2656 Caput
1291 2576 1447 2640 Iani
1471 2577 1734 2659 gemini
1763 2578 1883 2639 im·

711 2675 935 2741 herbe

372 2774 813 2841 PIVS.1MP.
869 2777 1086 2837 Prora
1113 2779 1326 2857 navis.
1366 2777 1510 2844 ΑΕ.
1544 2781 1593 2842 1.
1625 2776 1878 2845 obvius.

507 2879 930 2962 Frequenter
977 2874 1047 2937 in
1094 2877 1307 2939 numia
1343 2877 1476 2941 suis
1508 2880 1710 2962 patris
1743 2883 1878 2943 Ma·

373 2980 495 3063 gni
538 2991 733 3063 caput
774 2979 1116 3062 proposuit
1151 2979 1408 3045 Sextus.
1462 2982 1671 3065 Caput
1708 2981 1882 3044 istud

377 3082 761 3165 ambignum
786 3101 922 3143 non
953 3093 1086 3153 θεῖς
1118 3101 1268 3143 nam
1299 3080 1531 3144 eadem
1558 3084 1699 3164 ejus
1733 3096 1882 3148 sunt

375 3186 777 3247 lineamenta
832 3182 898 3244 in
957 3182 1171 3245 numia
1230 3183 1722 3267 Pompeiopolis
1777 3185 1881 3247 Ci-

377 3286 612 3361 liciae,
671 3305 836 3369 quae
880 3297 949 3346 et
987 3284 1353 3368 Solopolis,
1416 3285 1597 3370 cnjus
1633 3287 1879 3351 iecon·

379 3388 562 3450 ditor
616 3399 719 3450 est
776 3385 1071 3465 habitus,
1145 3400 1217 3449 ut
1260 3386 1502 3453 dictum
1557 3388 1639 3452 ad
1685 3390 1876 3473 hujus

378 3488 569 3551 urbis
613 3508 867 3553 numos.
959 3487 1369 3573 Suffragatur
1424 3491 1619 3556 etiam
1667 3493 1874 3556 oratio

378 3588 757 3666 Plutarchi,
817 3590 967 3673 qui,
1026 3589 1182 3653 dum
1243 3592 1385 3675 ejus
1440 3592 1720 3657 formam
1764 3594 1876 3658 de-

379 3691 651 3767 scribit,
712 3704 1034 3755 memorat
1075 3711 1338 3778 qnoque
1400 3693 1705 3772 οἱνας-ολη»
1761 3719 1875 3772 της

379 3816 569 3879 κομης
606 3790 882 3875 nivet-psa,
962 3815 1219 3856 comam
1266 3797 1578 3859 nonnihil
1611 3818 1877 3860 sursum

371 3898 738 3978 projectam
774 3899 841 3979 d)
864 3940 882 3972 ,
938 3895 1151 3978 ipsum
1185 3915 1346 3960 vero
1373 3896 1643 3980 plenum
1680 3899 1877 3983 maje-

380 3999 596 4072 statie,
660 3996 1160 4082 gravitatisque,
1216 4018 1292 4061 ac
1337 4013 1690 4083 propterea
1725 4001 1882 4065 Ale-

380 4099 615 4163 xandri
683 4101 782 4165 M.
854 4097 1136 4162 similem
1216 4098 1538 4166 habitum.
1662 4101 1875 4180 Adde,

381 4202 560 4288 qnod
614 4203 919 4266 Lucanus
981 4200 1066 4264 d‘e
1107 4200 1413 4287 Pompeji
1454 4207 1545 4269 M.
1586 4203 1875 4269 crinibus

326 4306 343 4347 ²
376 4317 698 4369 memorat
728 4306 831 4386 ²)=

436 4551 501 4623 a)
538 4548 607 4606 L.
635 4544 847 4603 XLIX.
880 4547 1034 4618 §.18-

362 4642 423 4713 e)
464 4634 1253 4707 Pham.1..v111.v.679

353 4732 418 4791 L.
446 4731 515 4790 L.
546 4728 664 4787 lib.
696 4725 811 4785 IV.

1218 4546 1678 4620 1.)1..x1,vn1.
1710 4547 1757 4619 §-
1780 4556 1866 4609 54

1399 4638 1453 4707 s)
1493 4637 1696 4695 Punic.
1725 4636 1792 4695 L.
1819 4635 1976 4696 XIII.
2012 4655 2067 4695 V.
2101 4640 2226 4701 861.

988 4724 1038 4797 i)
1076 4727 1137 4781 in
1165 4725 1494 4803 fragmento
1527 4725 1758 4784 Timaei
1785 4724 2045 4803 eap.X1.

2679 749 2806 810 illa
2844 751 3128 813 verenda

2129 850 2424 934 Regibus
2471 848 2659 913 hirta
2711 870 2900 912 coma
2919 892 2940 925 ,
3011 864 3078 913 et
3126 871 3295 934 gene
3342 873 3496 919 rosa

2799 951 3041 1032 fronte
3068 954 3327 1017 decora.
3429 996 3450 1015 s

2136 1052 2481 1114 Caesaries
2504 1071 2875 1135 compressa
2905 1073 3110 1118 manu
3141 1068 3268 1121 est.

2000 1152 2090 1215 Et
2121 1151 2321 1216 Silina
2356 1150 2614 1215 Italicus
2656 1149 2751 1236 ‘J‘

2128 1256 2304 1330 Ille,
2338 1252 2526 1317 hirta
2560 1257 2672 1317 cui
2700 1255 3076 1339 subrigitur
3106 1260 3502 1342 eomafron-

2685 1408 2696 1419 .
2883 1368 2984 1437 te,
3019 1360 3326 1424 decorum

2128 1457 2227 1520 Et
2253 1469 2525 1539 gratum
2558 1460 2757 1523 terris
2786 1460 3088 1543 Magnus
3124 1473 3343 1544 caput.

1998 1558 2401 1623 Adstituitnr
2447 1559 2837 1644 plerumque
2873 1560 3070 1624 lituus
3106 1559 3361 1645 signum
3394 1583 3500 1626 an·

2006 1675 2310 1746 guratue,
2345 1663 2428 1723 de
2461 1681 2594 1745 quo
2628 1660 2818 1725 infra.

2130 1761 2517 1847 Epigraphe
2569 1761 2762 1845 capiti
2806 1762 3108 1846 Pompeji
3158 1765 3252 1828 M.
3282 1763 3496 1833 addita

2003 1866 2087 1931 ad
2131 1868 2397 1930 Sextum
2447 1864 2772 1947 pertinet,
2837 1885 3034 1948 quem
3081 1885 3336 1928 morem
3389 1865 3499 1929 hic

2004 1982 2380 2032 constanter
2415 1969 2647 2043 tenuit,
2682 1964 2972 2029 saltem*
2952 1987 3021 2027 ιιι
3053 1966 3267 2030 numia
3287 2011 3304 2044 ,
3333 1987 3498 2052 quos

1998 2069 2171 2132 haud
2217 2068 2412 2132 dubie
2457 2068 2537 2131 ab
2583 2088 2668 2132 eo
2712 2066 2997 2152 signatos
3036 2080 3310 2134 constat.
3387 2068 3502 2130 Di-

2002 2170 2173 2259 citur
2225 2170 2294 2231 in
2334 2169 2604 2233 denario
2652 2171 3070 2248 IMPerator,
3135 2169 3220 2232 de
3263 2190 3391 2254 qno
3422 2171 3503 2232 ti-

1998 2271 2138 2334 tulo
2182 2292 2369 2355 agam
2403 2272 2469 2332 in
2495 2272 2941 2357 sequentibus.
3013 2272 3358 2357 Singulare
3394 2286 3497 2335 est

1996 2395 2067 2435 το
2096 2374 2284 2438 SAL.
2313 2373 2615 2457 Pompeji
2649 2372 2845 2457 capiti
2879 2372 3268 2455 subjectum.
3325 2373 3494 2435 Fue-

1993 2494 2105 2550 re,
2167 2474 2281 2559 qui
2332 2475 2554 2538 literas
2602 2475 2717 2537 has
2765 2473 3080 2558 legendas
3114 2474 3494 2552 SALduw,

1910 2574 2174 2660 quod
2220 2575 2345 2639 fuit
2393 2590 2578 2643 vetus
2634 2578 3180 2662 Caesaraugustae
3215 2595 3497 2652 nomen,

1995 2670 2482 2756 existimarunt,
2524 2700 2685 2764 quos
2728 2680 2904 2743 inter
2928 2678 3053 2742 fuit
3078 2677 3378 2742 lobertu‘s
3410 2688 3492 2756 c),

1995 2780 2114 2843 sed
2184 2800 2377 2864 quam
2435 2780 2526 2842 ibi
2574 2780 2957 2844 sententiam
3012 2779 3158 2862 jure
3212 2778 3497 2862 explosit

1995 2879 2373 2958 Binum-dus,
2426 2880 2538 2966 qui
2582 2880 2724 2963 ejus
2765 2882 2917 2943 loco
2974 2878 3329 2962 legendum
3361 2880 3497 2941 SA-

1996 2984 2137 3045 Lus
2205 2983 2522 3067 conjecit,
2571 2983 2688 3044 sed
2735 2980 2912 3066 quod
2957 2981 3169 3065 ipsum
3231 3000 3494 3065 quoque

1993 3096 2269 3167 propter
2308 3085 2542 3147 multas
2594 3103 2815 3173 causae
2857 3104 2987 3146 non
3025 3082 3178 3145 satis
3212 3074 3493 3147 adridet.

1993 3186 2340 3269 Ingenio&
2396 3198 2499 3249 eet
2537 3184 2872 3255 Vaillentii
2926 3184 3311 3269 explicatio,
3377 3184 3491 3267 qui

1993 3288 2148 3352 citat
2202 3286 2567 3371 Appianum
2596 3333 2615 3365 ‚
2693 3287 2878 3371 cuius
2919 3286 3121 3353 verba
3164 3299 3314 3348 sunt
3365 3287 3490 3349 La-

1992 3376 2129 3454 tine
2177 3389 2435 3454 reddita
2486 3390 2554 3453 in
2602 3389 2893 3456 editione
2927 3390 3137 3453 Henr.
3175 3386 3490 3472 Stephani

1997 3513 2145 3577 pag.
2201 3502 2351 3575 7⁴29.
2428 3493 2669 3557 Sextus
2726 3504 2990 3557 tantum
3050 3488 3347 3569 Neptuni
3387 3511 3491 3552 sa·

1989 3598 2128 3659 cris
2169 3595 2570 3679 operabatur
2612 3607 2676 3658 ei
2727 3593 3280 3668 SALATIAE,
3332 3611 3491 3670 quo-

1987 3717 2135 3758 rum
2183 3699 2391 3759 etiam
2419 3694 2653 3778 filium
2698 3696 3002 3779 appelari
3029 3717 3101 3758 so
3136 3695 3484 3757 sustinuit.

1989 3797 2093 3859 De
2133 3797 2253 3861 bac
2308 3797 2559 3862 Salacia
2605 3798 2840 3861 Festus
2863 3816 2890 3858 t·
2936 3795 3278 3860 Salaciam
3318 3796 3490 3874 dice·

1989 3898 2151 3961 bant
2187 3900 2379 3961 deam
2411 3919 2648 3978 aquae,
2682 3918 2881 3978 quom
2905 3897 3244 3981 putabant
3267 3896 3488 3958 salum

1995 4001 2211 4076 ciere,
2251 4001 2378 4061 hoe
2401 4010 2528 4078 est,
2574 4023 2752 4064 mare
2792 4021 3069 4066 movere.
3140 3997 3301 4081 Ejus
3353 4017 3487 4060 me-

1991 4098 2179 4161 minit
2228 4119 2488 4187 quoque
2516 4102 2731 4169 Varro
2763 4101 2861 4184 Β),
2932 4100 3209 4165 Salacia
3238 4098 3487 4180 Neptu·

1972 4205 2067 4275 ‚ni
2097 4204 2189 4264 ad
2219 4204 2366 4265 solo
2389 4248 2407 4281 ,
2454 4215 2523 4265 et
2558 4202 2795 4267 Cicero
2840 4200 2892 4283 ἰ)
2938 4188 3122 4264 narat
3159 4198 3481 4264 creditum

1988 4302 2344 4388 aliquibus,
2388 4308 2755 4383 Oceanum,
2791 4305 3260 4384 Salaciamque
3301 4303 3487 4365 Coeli

2054 4550 2116 4621 c)
2148 4548 2212 4605 L.
2242 4548 2320 4609 ΙΙ.
2354 4568 2406 4607 c·
2429 4560 2522 4614 73.

2413 4639 2480 4715 g)
2519 4638 2691 4697 Tom-
2722 4639 2797 4699 11.
2827 4657 2965 4716 pag.
2987 4642 3112 4705 165.

2710 4546 2780 4622 d)
2812 4549 2873 4605 in
2899 4547 3183 4624 Pompeio
3215 4545 3329 4605 sub
3358 4547 3483 4603 init.

3290 4639 3364 4711 h)
3405 4637 3481 4694 de

2901 4821 3048 4883 Da
