4509 5584
1634 593 2299 669 AVGVSTVS.

436 756 667 820 saltem
721 758 977 842 potiore
1028 761 1126 827 sui
1179 772 1364 844 parte
1406 760 1616 825 minus
1652 761 1935 847 proben-

434 871 543 921 tur
582 859 695 936 iis,
741 862 855 946 qui
898 864 1100 946 longo
1146 886 1267 926 usu
1308 861 1644 943 didicere,
1687 864 1773 929 de
1818 878 1936 928 nu·

3405 622 3543 689 153

2048 763 2330 848 primum
2365 765 2540 847 juxta
2581 779 2764 829 vetus
2799 755 3160 830 institutum
3198 772 3541 857 experien-

2050 866 2135 928 tia
2204 866 2476 949 insuper
2536 868 3026 950 comprobatum
3092 870 3540 938 Romanorum

430 982 691 1026 morum
728 963 934 1048 patria
986 984 1068 1028 ex
1102 985 1332 1028 eorum
1384 966 1624 1042 modo,
1674 987 1749 1030 ac
1798 966 1934 1030 cul·
2046 980 2307 1030 moneta
2390 982 2704 1051 argentea
2793 968 3115 1049 denariis,
3185 975 3543 1060 quinariis,

428 1077 504 1127 tu
532 1065 876 1143 arbitrari,
923 1069 1095 1152 quod
1148 1066 1456 1149 judicium
1510 1068 1708 1131 nullis
1744 1089 1931 1151 prae-

427 1168 640 1252 ceptis
687 1168 964 1253 >acquiri
1042 1183 1293 1252 potest,
1380 1167 1503 1233 sed
1579 1170 1927 1235 tractandis

427 1267 1031 1352 componendisque
1064 1271 1225 1335 varii
1252 1273 1517 1356 generis
1562 1272 1774 1336 numis
1814 1273 1929 1336 de·

424 1370 625 1455 nique
699 1371 1050 1436 obtinetur.
1141 1369 1292 1466 Quo
1366 1375 1434 1438 in
1507 1376 1802 1438 examine
1854 1388 1927 1439 ut

428 1471 662 1536 ordine
707 1473 1097 1559 procedam,
1140 1488 1605 1542 controversos
1643 1476 1933 1562 Augusti

421 1595 661 1640 numos
719 1575 1083 1641 secundum
1144 1578 1517 1658 metallum,
1585 1592 1655 1643 et
1714 1578 1925 1645 varias

420 1677 906 1763 magnitudines
982 1680 1049 1741 iu
1105 1679 1419 1763 judicium
1472 1680 1757 1760 vocabo,
1829 1679 1923 1745 sic

418 1773 679 1860 tamen,
722 1796 796 1846 ut
837 1781 1042 1844 nolim
1089 1803 1324 1847 eorum
1365 1782 1760 1867 pertinacius
1806 1782 1925 1844 im-

421 1904 720 1969 pugnare
795 1886 1214 1962 sententiam,
1291 1886 1527 1971 quibus
1586 1885 1794 1968 justae
1855 1883 1925 1946 iu

418 1987 754 2051 nonnullis
798 1986 993 2052 aliter
1034 1987 1360 2052 sentiendi
1394 2007 1624 2052 causae
1655 1998 1918 2072 praesto

417 2102 638 2155 erunt.
725 2089 943 2173 Atque
1009 2103 1084 2152 ut
1156 2090 1483 2175 principio
1542 2087 1916 2172 ambiguum

416 2211 615 2254 omne
657 2192 961 2266 tollatur,
1007 2191 1146 2273 ajo,
1190 2214 1298 2256 me
1327 2193 1594 2255 nomine
1633 2212 1918 2254 comma-

352 2315 363 2329 ·
414 2299 510 2356 tis
552 2294 841 2355 Romani
880 2293 1261 2378 intelligere
1317 2308 1643 2358 monetam
1697 2294 1914 2371 illam,

413 2414 582 2479 quae
613 2416 734 2459 seu
767 2418 803 2459 a
837 2396 1239 2480 principibus
1270 2396 1583 2459 Romanis
1620 2395 1687 2457 in
1725 2394 1913 2484 urbe,

406 2498 523 2562 vol
566 2511 756 2561 extra
794 2518 938 2561 eam
969 2498 1050 2561 ab
1085 2519 1317 2562 eorum
1357 2496 1746 2583 praefectis,
1796 2518 1915 2561 seu

410 2600 481 2660 in
534 2598 702 2662 urbe
772 2615 1032 2665 senatus
1077 2603 1161 2666 R.
1219 2600 1603 2664 auctoritate
1664 2598 1913 2683 signata

351 2697 354 2699 “
411 2714 554 2782 est3
635 2702 902 2765 nomine
955 2705 1307 2765 commatis
1341 2703 1681 2784 peregrini
1731 2722 1911 2779 eam,

411 2824 605 2888 quam
672 2790 1159 2888 provinciarum
1237 2801 1438 2865 urbes
1522 2804 1908 2868 auctoritate

404 2890 712 2989 propria,
772 2906 883 2969 vel
936 2904 1298 2969 secundum
1351 2923 1664 2968 concessa
1706 2906 1831 2969 sibi
1873 2929 1909 2970 a

405 3008 723 3069 Romanis
779 3006 925 3091 jura
983 3026 1367 3093 quacunque
1428 3004 1512 3069 de
1568 3026 1758 3072 causa
1801 3027 1911 3072 cu·

408 3107 673 3174 derunt.

926 3240 967 3280 s
1135 3191 1175 3229 ⁵*
1342 3235 1383 3275 s

522 3311 735 3376 Numi
760 3315 952 3374 aurei
969 3336 992 3375 .·
1019 3322 1171 3374 sunt.
1190 3310 1262 3371 hi
1287 3329 1516 3373 omnes
1542 3310 1608 3374 in
1642 3324 1902 3377 moneta

405 3417 700 3479 Romana
750 3410 948 3479 solito
1005 3411 1373 3489 volumine,
1436 3413 1771 3498 pondere,
1828 3434 1904 3478 ac

405 3517 643 3595 modo,
724 3515 991 3600 dempm
1064 3534 1195 3577 uuo
1273 3515 1537 3577 maximi
1619 3515 1902 3592 moduli,

407 3641 605 3706 quem
668 3639 863 3702 supra
922 3617 1001 3680 ad
1067 3621 1305 3679 aunum
1360 3618 1442 3685 V.
1489 3617 1561 3680 C.
1609 3618 1736 3698 759
1796 3637 1907 3680 ex·

406 3723 622 3799 hibui,
685 3721 834 3806 qui,
896 3740 1045 3783 eum
1104 3720 1335 3784 unicus
1382 3723 1498 3797 sit,
1534 3720 1903 3784 ‘materiam

404 3824 637 3907 justam
696 3822 1027 3907 praesenti
1103 3821 1523 3909 disputationi
1584 3844 1720 3886 non
1778 3822 1910 3886 sus-

406 3926 566 3990 ficit.

921 4050 964 4091 'r
1137 4010 1179 4049 *
1348 4056 1387 4095 {t

534 4127 741 4195 Numi
813 4131 1118 4211 argentei
1191 4142 1492 4193 monetae
1563 4131 1896 4193 Romanae

403 4232 867 4307 denariorum,
939 4243 1047 4292 aut
1119 4232 1565 4315 quinariorurn
1629 4230 1893 4294 modurn

402 4319 707 4399 habents
752 4333 920 4396 Sunt
964 4347 1177 4396 tamen
1222 4332 1419 4395 etiam
1463 4355 1545 4398 ex
1591 4333 1719 4397 hoc
1763 4352 1901 4397 me·

399 4438 560 4500 tallo
621 4455 755 4498 non
797 4435 986 4520 pauci
1031 4434 1350 4519 Augustei
1405 4435 1721 4500 maximae
1767 4438 1898 4499 for-

400 4559 581 4613 mae,
644 4558 809 4622 quos
865 4550 1081 4599 utrum
1135 4537 1323 4601 credi
1365 4539 1571 4623 possit
1612 4540 1679 4601 iu
1722 4539 1888 4602 urbe

401 4641 727 4725 signatos,
795 4640 938 4722 jure
1020 4653 1239 4725 potest
1313 4639 1613 4704 dubitari.
1725 4642 1888 4704 Nam

469 4866 529 4921 a)
569 4848 747 4906 Num.
777 4860 995 4924 praest.
1026 4850 1096 4910 T.
1118 4849 1188 4907 11.
1224 4870 1286 4926 p.
1312 4859 1413 4913 128
1451 4847 1591 4907 edit.
1618 4848 1789 4907 Rom.

2045 1067 2362 1131 sestertiis
2422 1070 2792 1151 constabat3
2855 1093 2981 1156 per
3037 1073 3378 1141 Graeciam
3436 1101 3543 1141 au·

2045 1183 2215 1248 tem,
2288 1184 2359 1235 et
2409 1172 2631 1234 Asiam
2687 1162 2830 1234 non'
2878 1194 3122 1257 paucos
3180 1191 3533 1262 argenteos

2041 1271 2309 1354 majoris
2343 1272 2595 1338 formae
2638 1294 2785 1338 cum
2813 1275 3286 1360 imperatorum
3324 1281 3538 1363 capite

2040 1370 2264 1457 lingua
2328 1372 2398 1435 in
2462 1374 2606 1438 aliis
2654 1374 2947 1455 Graeca·‚
3010 1378 3076 1439 in
3122 1379 3267 1441 aliis
3310 1381 3540 1444 Latina

2042 1473 2247 1539 fuisse
2308 1474 2635 1558 signatos,
2695 1478 2977 1562 probant
3034 1479 3217 1541 numi
3278 1479 3537 1543 urbium

2043 1577 2454 1641 Cretensium
2477 1623 2496 1656 ‚
2558 1578 2933 1664 cistophori
2986 1580 3294 1660 Asiatici3
3355 1583 3537 1646 numi

2040 1679 2431 1745 Antiochiae
2496 1680 2761 1763 Syriae,
2819 1681 3259 1748 Alexandriae
3317 1685 3542 1771 Aegy·

2039 1780 2137 1864 pti
2189 1797 2315 1846 etc.
2401 1781 2663 1846 Deinde
2720 1798 3075 1867 suppetunt
3126 1783 3365 1848 indicia
3408 1788 3533 1850 alia

2037 1905 2173 1947 non
2229 1883 2666 1969 aspernanda,
2731 1904 2965 1949 numos
3023 1884 3280 1957 similes
3316 1887 3383 1948 in
3429 1906 3537 1950 ur-

2036 1985 2227 2050 bibus
2300 1984 2570 2049 Graecis
2628 1985 2831 2048 fuisse
2896 1987 3202 2071 signatos.
3305 1989 3571 2052 Placet·

2034 2085 2373 2172 inquirere
2403 2082 2474 2148 in
2512 2109 2746 2151 numos
2783 2087 2975 2171 hujus
3015 2088 3280 2173 generis
3304 2134 3321 2166 ‚
3366 2112 3530 2176 quos

2033 2190 2383 2253 Morellius
2429 2189 2498 2251 in
2537 2210 2660 2253 una
2710 2189 3073 2276 eademque
3117 2191 3399 2275 Augusti
3444 2206 3532 2256 ta·-

2028 2288 2183 2354 bula
2230 2291 2408 2357 xm.
2451 2293 2788 2357 confertos
2834 2291 3196 2376 proposuit.
3274 2292 3378 2355 Ex
3428 2294 3528 2357 his

2028 2413 2263 2456 numus
2301 2394 2385 2461 V.
2421 2394 2808 2478 inscriptus:
2856 2392 3068 2457 COM.
3111 2395 3394 2463 ASIAE.
3437 2410 3532 2482 ty-

2028 2516 2117 2579 po
2174 2495 2409 2581 templi
2468 2493 2791 2580 hexastyli
2845 2494 2912 2556 iu
2969 2496 3122 2558 Asia
3188 2510 3374 2562 certo
3419 2519 3530 2563 cu·

2029 2620 2138 2660 sus
2178 2611 2313 2675 est,
2358 2612 2430 2660 ut
2473 2597 2769 2682 pluribus
2819 2595 3015 2660 docui
3059 2619 3253 2683 supra
3291 2598 3372 2661 ad
3422 2622 3532 2663 an·

2027 2720 2183 2761 uum
2255 2700 2333 2767 V.
2379 2700 2452 2764 C.
2513 2699 2662 2781 735.
2758 2700 3177 2763 Postremum
3249 2720 3527 2765 numero

2026 2804 2140 2868 XI.
2178 2817 2247 2866 et
2286 2800 2706 2883 inscriptum:
2748 2801 2928 2862 PAX
2973 2820 3119 2863 esse
3156 2801 3529 2865 verisimili-

2024 2917 2130 2966 ter
2184 2916 2441 2988 partum
2486 2902 2683 2965 Asiae
2742 2900 3265 2986 proconsularis,
3327 2923 3523 2986 supra

2020 3004 2255 3089 pagina
2329 3005 2414 3069 83
2475 3002 2751 3069 ostendi.
2854 3003 2987 3065 Ara
3062 3022 3208 3065 cum
3269 3001 3524 3068 duobus

2023 3107 2237 3171 cervis
2274 3106 2340 3168 in
2375 3127 2575 3169 numo
2615 3107 2723 3170 111.
2760 3123 2891 3165 non
2926 3103 3207 3166 obscure
3243 3101 3520 3169 Dianam

2018 3208 2376 3293 Ephesiam
2423 3208 2652 3294 arguit.
2737 3205 3113 3268 Fasciculus
3157 3227 3275 3268 sex
3317 3205 3522 3292 spica·

2016 3332 2165 3373 rum
2218 3312 2287 3374 in
2329 3331 2528 3374 numo
2576 3311 2686 3378 IV.
2724 3323 2913 3391 typus
2959 3320 3061 3370 est
3093 3308 3159 3369 in
3196 3309 3547 3374 Romano··

2017 3436 2164 3476 rum
2228 3427 2490 3477 moneta
2549 3413 2871 3491 insuetus;
2941 3423 3005 3472 at
3068 3430 3219 3473 eum
3279 3412 3518 3494 passim

2021 3514 2314 3579 offerunt
2395 3515 2576 3577 numi
2644 3511 3005 3597 Aegyptii,
3094 3526 3163 3576 et
3245 3513 3516 3576 aliarum

2020 3618 2338 3683 Graeciae
2401 3617 2724 3679 Asiaticae
2779 3613 3076 3693 urbium,
3158 3629 3229 3679 et
3280 3635 3517 3680 revera

2023 3720 2413 3790 Vaillantius
2449 3719 2517 3780 in
2555 3718 2766 3783 numis
2817 3717 3080 3801 Trajani
3117 3717 3518 3782 tetradrach·

2021 3845 2200 3886 mum
2247 3824 2404 3888 citat
2461 3841 2608 3886 cum
2657 3818 2893 3884 eodem
2938 3835 3126 3904 typo,
3175 3832 3243 3883 et
3288 3820 3514 3884 inscri-

2021 3940 2205 4009 ptum
2245 3925 2501 3989 Graece
2534 3926 2617 4006 ί).
2702 3918 3002 3985 Eundem
3065 3937 3287 4005 typum
3336 3922 3514 3985 vide·

2019 4022 2247 4090 bimus
2296 4026 2466 4089 infra
2523 4025 2590 4087 iu
2636 4046 2834 4088 numo
2878 4022 3294 4087 medii'aeris
3337 4025 3512 4088 Lati·

2016 4153 2103 4194 ne
2150 4128 2412 4214 quidem
2467 4128 2821 4211 inscripto,
2887 4125 3005 4189 sed
3049 4146 3196 4187 cum
3240 4139 3392 4189 nota
3441 4127 3506 4191 S.

2014 4235 2089 4300 C.
2149 4232 2352 4309 absit,
2408 4231 2554 4313 jure
2615 4250 2860 4315 arguo,
2922 4247 3069 4291 eum
3134 4239 3318 4289 extra
3376 4228 3507 4288 Ro-

2013 4355 2185 4396 mam
2243 4343 2654 4415 prognatum.
2744 4331 3017 4391 Exstant
3078 4328 3271 4391 etiam
3334 4328 3508 4390 simi·

2013 4437 2096 4499 lia
2157 4432 2633 4498 tetradi-achina
2711 4450 2858 4494 cum
2916 4430 3127 4512 capite
3207 4431 3502 4509 Nervae,

2007 4559 2171 4622 quae
2219 4537 2360 4619 ipse
2394 4533 2781 4601 Vaillantius
2824 4553 3068 4618 praeco
3113 4534 3504 4618 pronuncia·

2007 4662 2080 4704 re
2150 4639 2346 4704 audet
2407 4637 2653 4722 signata
2715 4635 3155 4700 Alexandriae
3214 4637 3502 4721 Aegypti
