4509 5584
1600 556 2254 635 avcvsrva
2673 668 2678 673 .
3396 582 3485 649 33

262 740 269 749 ’
385 729 750 797 Posteriori
798 726 967 793 huic·
1017 746 1185 791 anno
1242 743 1657 814 praesentem
1705 729 1881 793 hunc

386 835 728 898 denarium
798 830 1299 896 adcommodant
1334 852 1626 918 quoque
1692 832 1886 897 Nori-

383 935 517 1000 sius
547 938 642 1017 ⁸),
687 948 757 998 et
788 933 1177 1003 Vaillantius
1207 933 1306 1016 ¹³),
1353 933 1475 997 sed
1512 944 1883 1018 perperam,

384 1052 455 1103 ut
483 1036 825 1102 ostendam
856 1034 1127 1097 infrain
1166 1035 1616 1104 controversia
1648 1036 1730 1101 de
1767 1035 1887 1098 ite·

384 1140 638 1205 ratione
675 1138 850 1202 tituli
888 1137 1331 1221 imperatoris.

1114 1239 1153 1277 ῃ

907 1286 945 1323 n
1321 1285 1362 1326 ι

668 1342 1039 1408 CAESAR.
1103 1343 1311 1410 DIVI.
1374 1342 1454 1406 F.
1514 1340 1705 1409 COS.
1765 1340 1878 1408 VI.

633 1446 853 1524 Caput
879 1446 1127 1506 nudum
1156 1444 1444 1521 subjecto
1477 1448 1881 1526 capricorno·

383 1544 833 1610 AEGYPTO.
887 1544 1201 1610 CAPTA.
1267 1546 1676 1608 Crocodilus.
1738 1543 1882 1609 AR.

386 1648 641 1716 obvius.
691 1648 1056 1713 Bestitntus
1103 1669 1141 1710 a
1180 1643 1460 1730 Trojano
1501 1644 1570 1707 in
1612 1646 1757 1716 AV.
1814 1657 1885 1711 et

383 1753 527 1815 AR.
574 1750 803 1833 (Vaill.
832 1750 1161 1828 Morelli.)

512 1853 800 1915 Numum
846 1853 1021 1915 hunc
1067 1851 1388 1935 signatum
1440 1846 1643 1913 fuisse
1686 1848 1771 1916 V.
1808 1849 1881 1917 C.

385 1955 553 2036 726,
624 1954 1028 2018 demonstrat
1093 1952 1446 2035 inscriptus
1505 1949 1882 2014 consulatus

384 2057 504 2123 VI.
578 2057 879 2139 Renovat
934 2075 1098 2139 ergo
1158 2052 1541 2117 memoriam
1599 2052 1886 2136 Aegypti

388 2170 538 2220 ante
578 2156 916 2221 biennium
955 2171 1213 2240 captae,
1258 2168 1326 2220 et
1356 2175 1585 2218 mense
1620 2153 1885 2239 quidem

391 2259 658 2336 Sextili,
705 2281 873 2344 quae
909 2280 1101 2322 causa
1142 2257 1264 2321 fuit
1301 2279 1426 2320 una
1471 2277 1555 2319 ex
1587 2255 1884 2340 pluribus

389 2359 567 2438 aliis,
604 2364 722 2425 cnr
755 2362 818 2425 ei
854 2360 1062 2432 mensi
1104 2358 1320 2423 datum
1353 2358 1557 2422 fuerit
1584 2360 1890 2441 Augusti

389 2483 632 2526 nomen
665 2466 747 2546 0).
791 2464 894 2526 De
931 2461 1317 2548 capricorno
1354 2481 1623 2546 agemus
1661 2458 1743 2525 ad
1781 2479 1887 2522 an·

389 2584 548 2628 num
580 2566 664 2635 V.
698 2566 781 2630 C.
802 2565 975 2650 743..

917 2695 959 2735 Ο
1129 2647 1170 2686 Ι,
1334 2692 1379 2732 ὓ

504 2767 714 2836 Numi
765 2770 1127 2835 Octaviani
1169 2787 1315 2829 cum
1352 2766 1787 2848 praenomine

797 2866 1493 2934 IMPERATORIS.

520 2974 715 3035 Anno
755 2973 837 3039 V.
878 2972 950 3037 C.
987 2974 1115 3055 725
1164 2971 1510 3033 Caesarem
1559 2965 1892 3051 accepisse
1934 3019 1941 3027 .

394 3095 641 3137 nomen
717 3076 1140 3155 imperatoris
1208 3072 1310 3134 his
1389 3071 1609 3136 verbis
1683 3069 1895 3132 refert

393 3178 527 3239 Dio
571 3175 673 3258 4)..
720 3177 965 3237 Eodem
1013 3195 1188 3236 anno
1234 3177 1440 3237 etiam
1478 3171 1897 3236 IMPERA-

407 3279 469 3342 T
469 3277 688 3342 0318
726 3297 964 3339 nomen
1003 3279 1470 3363 accepitunon
1511 3276 1706 3356 quale
1743 3294 1895 3356 pro-

387 3392 538 3464 pter
574 3380 931 3443 victoriam
973 3380 1187 3440 tribui
1226 3398 1407 3439 more
1438 3389 1698 3439 vetusto
1728 3376 1897 3438 sole·

394 3484 605 3557 batr·
627 3514 711 3530 ο·
742 3481 860 3542 sed
892 3499 1019 3558 quo
1052 3499 1308 3542 summa
1339 3481 1605 3562 imperii
1635 3479 1899 3539 demon-

395 3594 763 3658 straretur,
801 3582 979 3662 quod
1009 3584 1197 3661 patri
1232 3599 1486 3659 quoque
1520 3580 1659 3657 ejus
1689 3578 1895 3656 Iulia,

398 3697 466 3748 et
509 3685 650 3764 ejus
671 3680 859 3767 filiis
901 3683 1370 3763 nepotibusque
1387 3682 1634 3763 suerat
1679 3680 1914 3740 decre·

399 3802 575 3851 tum..
606 3787 793 3868 Ergo
818 3780 1534 3864 nomine-imperatoris
1566 3780 1675 3844 hie
1704 3781 1899 3843 intel-

394 3888 623 3970 ligitur
652 3886 878 3948 titulus
908 3884 1108 3945 instar
1135 3886 1613 3966 praenominis,
1644 3896 1715 3945 ut
1746 3904 1898 3947 eum
1934 3956 1954 3969 ,-

397 4003 590 4055 vocat
632 3985 984 4051 Suetonius
1024 3987 1106 4065 e).
1160 3986 1247 4045 At
1293 4004 1454 4048 vero
1496 3986 1624 4068 jam
1668 3984 1735 4045 in
1779 4006 1899 4046 nu-

400 4089 523 4152 mis
553 4088 897 4154 Octaviani
932 4086 1013 4149 ab
1053 4086 1237 4149 annis
1272 4087 1461 4155 V..C.
1493 4090 1618 4169 7¹5
1653 4120 1740 4132 —-
1769 4086 1896 4168 718

400 4191 669 4276 signatis
748 4187 959 4273 istud·
1000 4188 1415 4272 imperatoris
1493 4207 1894 4271 praenomen

403 4305 791 4380 comparetr
845 4291 1113 4375 scripto.
1155 4310 1400 4370 nempe
1456 4292 1636 4356 IMP.
1695 4286 1897 4352 GAE-

473 4715 537 4788 ι)
575 4714 788 4772 Cenot.
818 4709 935 4766 Pis.
970 4708 1108 4768 diss.
1141 4710 1214 4768 ΙΙ.
1253 4729 1304 4769 c.
1329 4722 1363 4780 9
1391 4722 1449 4768 et
1489 4722 1593 4773 ιτ.

406 4804 473 4878 d)
510 4804 576 4862 1..
606 4803 734 4861 Lu,
766 4804 936 4872 §.ab

1133 4801 1197 4873 e)
1237 4799 1300 4856 in
1330 4802 1372 4860 1.
1408 4802 1579 4860 Caes..
1614 4820 1666 4859 c.
1688 4803 1778 4865 76.

1775 4707 1846 4784 b)
1882 4670 2111 4768 Arsac..
2127 4707 2269 4787 imp.
2301 4729 2366 4785 p.
2389 4718 2526 4773 174»,

1977 4802 2034 4876 s)
2074 4799 2185 4858 Dio
2218 4800 2283 4857 L.
2312 4801 2435 4859 Lu.
2466 4820 2516 4860 c.
2537 4809 2631 4863 40.

1999 728 2187 791 SAR.
2216 729 2425 798 Dtvr.
2452 726 2534 797 F.
2576 729 2681 790 Ex
2713 749 2841 814 quo
2872 730 3119 816 colligo
3139 776 3155 809 ,
3192 732 3485 797 Octavia·

1995 854 2151 894 num
2190 832 2318 915 jam
2352 846 2488 895 tum
2525 844 2620 894 sat
2651 845 2989 914 potentem
3029 856 3213 897 usum
3255 849 3492 919 sponte

1998 955 2082 998 eo
2125 933 2512 1017 privilegio,
2557 931 2733 1017 quod
2764 935 2935 1017 patri
2972 935 3170 1012 Iulio,
3220 936 3490 1020 ejusque

2000 1035 2152 1096 filiis
2193 1058 2229 1097 a
2268 1050 2495 1099 senatu
2535 1036 2876 1099 decretum
2918 1034 3115 1098 modo
3156 1057 3236 1099 ex
3275 1040 3491 1102 Dione

1993 1135 2311 1214 vidimus,
2365 1136 2663 1200 omisisse
2711 1152 2926 1200 tamen
2969 1134 3141 1200 forte
3184 1136 3492 1218 subinde,

1995 1237 2172 1323 quod
2220 1236 2612 1301 invidiosum
2648 1238 3020 1315 videretur,
3065 1252 3131 1302 et
3175 1239 3349 1324 quod
3394 1262 3498 1305 re·

1996 1361 2155 1404 vera
2192 1352 2328 1400 tum
2372 1360 2660 1403 summae
2703 1340 2811 1402 rei
2846 1361 2986 1403 non
3022 1356 3361 1424 praeesset
3396 1363 3500 1405 eo·

1998 1442 2141 1517 lus,
2198 1453 2500 1526 utroque,
2533 1442 2744 1505 adhuc
2789 1441 3066 1525 conlega
3113 1443 3346 1508 lllviro
3391 1466 3495 1506 su-

1999 1542 2296 1627 perstite.
2398 1542 2569 1608 Sane
2650 1545 2995 1606 Caesarem
3076 1543 3494 1628 imperatoris

1993 1665 2403 1730 praenomen
2457 1659 2606 1710 ante
2661 1644 2838 1709 hunc
2897 1665 3136 1708 annum
3193 1646 3493 1731 legitime

1995 1767 2130 1809 non
2194 1746 2535 1825 habuisse,
2611 1760 2882 1832 apparet
2951 1768 3036 1827 ex
3092 1747 3502 1812 Maecenatis

1998 1847 2294 1912 oratione
2340 1848 2422 1912 ad
2467 1851 2815 1913 Caesarem
2871 1847 3108 1913 eodem
3151 1850 3280 1913 hoc
3325 1871 3495 1915 anno

2000 1954 2129 2032 ‘725
2193 1949 2446 2030 habita,
2525 1971 2649 2035 qua
2714 1952 2778 2014 ei
2842 1970 3026 2035 spem
3088 1949 3280 2029 facit,
3348 1951 3498 2015 fore

2003 2065 2075 2116 ut
2126 2052 2517 2137 propediem
2569 2066 2843 2136 paterno
2885 2052 3301 2137 imperatoris
3355 2052 3504 2115 titu-

2001 2156 2072 2217 lo
2129 2177 2166 2217 a
2221 2166 2450 2218 senatu
2503 2154 2860 2217 decoretur
2901 2154 2977 2238 ί).
3059 2156 3222 2218 Cum
3265 2154 3501 2218 Dionis

2003 2256 2378 2320 testimonio
2432 2256 2776 2340 praeclare
2836 2257 3167 2341 conspirat
3215 2272 3503 2321 marmor

2003 2358 2154 2430 anni
2196 2361 2281 2427 V.
2330 2360 2401 2425 C.
2448 2358 2611 2440 725,
2670 2357 2850 2442 quod
2906 2359 3128 2442 paullo
3182 2381 3376 2443 supra
3421 2380 3506 2423 ex

2001 2460 2242 2545 Pighio
2297 2460 2603 2534 recitavi,
2663 2460 2731 2522 in
2787 2481 2916 2544 quo
2971 2462 3255 2545 legitur:
3317 2463 3504 2551 1MP.

2005 2562 2405 2626 CAESARI.
2506 2563 2717 2632 DIVI.
2819 2563 3022 2631 IVL1;
3131 2565 3208 2628 F.
3315 2563 3507 2628 COS.

2007 2662 2364 2756 QVINCT.
2405 2665 2596 2729 COS.
2640 2663 2931 2728 DESIG.
2973 2664 3162 2726 SEX.
3207 2665 3507 2728 Natalem

2004 2766 2199 2850 hujus
2265 2765 2442 2829 tituli
2509 2766 2727 2832 statuit
2793 2765 3069 2833 Ovidius
3127 2768 3310 2835 XVI.
3359 2754 3506 2830 Ital.

2005 2868 2209 2951 Majas
2243 2870 2345 2951 g):

2137 2970 2336 3032 Hanc
2381 2970 2715 3049 quondam
2771 2969 3107 3055 Cytherea
3141 2972 3315 3033 diem
3357 2990 3511 3053 pro-

2846 3075 3202 3154 perantius
3236 3075 3339 3134 ire

2217 3171 2484 3251 Iussit,
2529 3183 2599 3234 ec
2651 3171 2986 3235 aetherios
3028 3175 3510 3257 praecipitavit

2853 3293 3075 3353 equos.

2140 3377 2213 3440 V
2204 3386 2234 3437 t
2261 3362 2535 3439 titulum
2562 3375 2831 3459 imperii
2854 3376 3335 3462 quamprimum
3363 3374 3510 3440 luce

2855 3480 3160 3557 sequenti

2224 3576 2546 3662 Augusto
2577 3578 2816 3660 iuveni
2837 3598 3152 3660 prospera
3184 3574 3359 3639 bella
3397 3575 3514 3637 du-

2861 3692 3026 3743 rent.

2536 3808 2582 3848 ⁴}
2633 3766 2648 3781 *
2744 3764 2786 3803 .

2951 3810 2991 3850 ἦ

2338 3884 2520 3951 ῙΜΡ.
2560 3882 2923 3947 CAESAR.
2963 3883 3169 3952 DIVI.
3202 3883 3280 3948 F.
3320 3882 3510 3947 COS.

2338 3985 2454 4052 vl.
2498 3968 3051 4051 LmEnTA'rls.
3093 3987 3168 4051 P.
3211 3987 3293 4050 R.
3330 3986 3514 4073 vm-

2330 4086 2538 4153 DEX.
2591 4089 2807 4170 Caput
2843 4088 3243 4150 laureatum.

2010 4168 2207 4249 PAX.
2255 4187 2517 4249 Mulier
2554 4201 2746 4250 stans
2780 4190 2844 4250 d.
2878 4190 3270 4265 caduceum,
3304 4188 3512 4266 juxta

2010 4309 2189 4366 ara„
2231 4290 2455 4353 verius
2509 4293 2702 4353 cista·
2743 4293 3063 4372 mystica,
3120 4310 3318 4373 super
3379 4288 3514 4370 qim

2711 4709 2776 4786 e)
2815 4698 3084 4768 Mam-ob.
3115 4711 3236 4770 Sat.
3265 4711 3311 4769 I.
3344 4732 3394 4769 c.
3424 4726 3508 4774 12.

2834 4802 2903 4877 g)
2941 4803 3100 4860 Fast.
3132 4802 3234 4862 IV.
3261 4807 3388 4868 675.

2908 4894 2966 4953 1.
3014 4912 3052 4955 a
