4509 5584
1525 560 2150 639 naum-ANV
2168 509 2252 635 s.-

370 748 688 818 Hadriani
736 746 1016 829 conjuge
1060 740 1142 805 ad
1168 736 1539 803 Memnonis
1587 748 1860 798 statuam
1975 730 2408 817 comprobare
2451 731 2695 796 nititur.
2790 733 3103 802 Fueritne
3156 739 3285 804 hoc
3338 719 3469 806 Ha-

369 851 730 920 visandam·
775 845 1180 933 profectum,
1253 841 1623 922 factumque
1690 833 1862 898 istud
1976 833 2191 921 driani
2221 834 2288 895 in
2318 854 2462 899 eam
2496 835 2839 918 regionem
2874 837 3020 900 iter·
3041 838 3353 925 simplex,
3388 867 3471 907 an

372 951 753 1042 imperantis
784 945 1102 1013 Hadriani
1145 962 1313 1008 anno
1346 942 1525 1018 XV„
1583 938 1722 1004 sive
1767 956 1869 1001 se·
1976 936 2374 1021 geminum,
2407 935 2736 1021 disputare
2784 958 2921 1026 non
2964 937 3184 1017 lubet,
3236 963 3471 1008 verum

375 1046 660 1126 cunflg'm
705 1069 937 1116 munos
971 1049 1052 1110 L.
1092 1044 1204 1110 18.
1293 1045 1477 1128 Ergo
1520 1060 1689 1106 anno
1737 1039 1887 1103 hoc'
1982 1058 2277 1102 mearum
2306 1059 2452 1103 esse
2487 1038 2766 1122 partium
2791 1040 3130 1118 existimo,
3165 1057 3471 1109 evertere

364 1137 823 1224 ‘Alexandrino
858 1148 1273 1225 Hadrianus,
1313 1159 1382 1210 et
1415 1142 1651 1207 Sabina
1683 1160 1871 1226 prae·
1982 1155 2440 1228 argumentum
2472 1141 2613 1223 ejus
2645 1140 3104 1206 validissimum
3126 1187 3146 1220 ,
3182 1165 3312 1230 quo
3343 1150 3479 1232 pri·

377 1259 840 1326 sentes.fuere
892 1253 962 1316 in
996 1254 1334 1335 Aegypto,
1395 1247 1538 1331 qui,
1602 1242 1872 1308 ntdixi-

1987 1265 2205 1322 mum,
2282 1262 2355 1307 ac
2422 1244 2734 1307 maturius
2794 1244 3112 1308 Hadriani
3167 1247 3298 1312 iter
3356 1250 3481 1312 niti

378 1386 557 1439 mus,
590 1358 812 1443 coepit
840 1365 1124 1419 exeunte
1145 1353 1441 1435 Augusto
1478 1349 1563 1414 V.
1595 1346 1667 1409 C.
1713 1343 1873 1420 883,
1986 1346 2128 1434 ipse
2177 1356 2470 1411 testatur.
2531 1344 2637 1407 Ad
2681 1358 2819 1409 tres
2860 1347 3044 1410 enim.
3074 1370 3307 1414 numos
3349 1353 3481 1414 An·

380 1469 456 1527 P.
501 1464 585 1529 X.
665 1462 805 1528 130.

382 1585 735 1641 marmor,
760 1577 978 1644 neque
1011 1566 1307 1641 quartum
1328 1597 1347 1629 ,
1391 1565 1460 1615 et
1494 1549 1878 1618 vicesimum

381 1667 627 1734 mensis
677 1663 909 1745 Athyr.
996 1655 1231 1741 Coepit
1292 1653 1401 1717 hic
1444 1653 1688 1715 mensis
1729 1647 1881 1713 anni

376 1747 695 1855 ‘Aegyptii
745 1762 979 1829 tertius
1037 1760 1109 1822 in
1166 1776 1336 1822 anno
1394 1752 1723 1819 communi
1769 1750 1878 1814 die

382 1872 683 1942 xxvnl.
761 1861 1071 1930 Octobris
1146 1855 1299 1925 anni
1371 1856 1635 1933 Iuliani,
1714 1873 1880 1938 erge

386 1986 653 2061 quartus
680 1983 748 2034 et
774 1966 1121 2035 vicesimus
1148 1962 1361 2044 Athyr
1397 1957 1705 2024 currebat
1733 1974 1884 2020 cum

384 2072 684 2152 diexx.
719 2065 1111 2136 Novembris
1132 2107 1151 2141 ,
1213 2081 1359 2147 qno
1388 2059 1561 2142 apud
1589 2061 1887 2122 Memno·-

387 2199 543 2244 nem
574 2175 701 2240 fnit
730 2171 986 2237 Sabina.
1049 2168 1154 2229 En
1187 2183 1275 2228 ex
1310 2160 1556 2223 illustri
1591 2160 1718 2223 hoc
1749 2176 1888 2222 mo-

385 2291 700 2344 numento
727 2265 1309 2357 tempfisproxime
1346 2261 1715 2338 definitum,
1754 2279 1884 2345 quo

388 2381 758 2445 Hadrianus
789 2376 857 2437 in
892 2376 1194 2454 Aegypto
1227 2383 1539 2448 praesens
1579 2361 1704 2425 fuit
1736 2380 1888 2446 pro·

388 2460 564 2548 xime
588 2480 791 2554 otiam
818 2471 1173 2540 accedente
1202 2466 1353 2532 divo
1368 2465 1775 2545 Hieronymo
1809 2463 1888 2543 ⁸),

391 2606 473 2649 ex
524 2583 709 2667 cujus
749 2589 970 2642 mente
1024 2571 1378 2646 Antinous,
1452 2565 1769 2630 Hadriani
1818 2563 1887 2626 in

389 2688 630 2752 itinere
691 2676 1025 2766 Aegyptio
1097 2693 1357 2750 comes,
1439 2669 1512 2731 in
1580 2670 1885 2750 Aegypto

392 2801 689 2853 mortuus
707 2795 819 2860 est,
838 2780 1016 2850 v.<:.
1053 2777 1203 2853 882,
1242 2773 1326 2836 de
1362 2790 1492 2856 quo
1512 2768 1687 2849 vide,
1721 2786 1887 2854 quae

392 2893 582 2976 plura
613 2887 906 2953 dicemus
942 2882 1009 2943 in
1041 2887 1305 2942 moneta
1338 2872 1627 2936 Antinoi.
1874 2949 1881 2954 -

498 2994 711 3082 ‘Ilaec
771 2983 1031 3073 pridem
1094 2980 1521 3064 scripseram,
1596 2992 1748 3038 cum
1808 2970 1890 3035 ad

397 3115 621 3159 manus
672 3110 851 3154 meas
907 3082 1212 3171 pervenit
1260 3101 1424 3165 opus
1477 3076 1891 3161 praeclarum

398 3193 678 3281 Georgii
726 3193 1025 3274 Zoegae,
1091 3204 1220 3270 quo
1271 3183 1327 3245 is
1377 3177 1738 3263 Aegyptios
1774 3196 1892 3239 nu-

398 3320 540 3364 mos
600 3294 810 3359 musei
857 3286 1171 3373 Borgiani
1223 3280 1574 3346 illustravit
1641 3277 1892 3360 adjecta

399 3396 857 3464 dissertatione
902 3391 984 3456 de
1043 3403 1376 3471 tempore,
1439 3403 1570 3466 quo
1623 3381 1891 3445 Hadria·

400 3524 521 3567 nus
578 3498 675 3562 in—
703 3498 1006 3579 Aegypto
1062 3490 1207 3554 fuit.
1325 3486 1475 3548 Non
1534 3497 1733 3567 negat
1793 3483 1890 3545 vir

399 3615 767 3689 praestans,
823 3594 1224 3660 Hadrianum
1271 3606 1439 3652 anno
1490 3585 1755 3669 imperii
1796 3603 1891 3645 se-

402 3704 689 3774 cundum
727 3695 1205 3766 Alexandrinos
1234 3691 1381 3756 XV.
1428 3687 1630 3750 fuisse
1670 3686 1737 3747 in
1769 3687 1898 3748 Ae·

402 3818 642 3893 gyptO,
720 3799 934 3864 numis
996 3789 1454 3862 Alexandrinis
1517 3808 1665 3852 cnm
1725 3808 1893 3852 anno

401 3906 555 3985 IS„
615 3924 780 3991 quos
818 3919 1015 3985 supra
1050 3894 1364 3968 indicavi,
1428 3891 1620 3952 nimis
1668 3904 1896 3975 aperte

400 4007 576 4076 istud
638 4002 1048 4071 docentibus.
1164 3998 1415 4083 Verum
1433 4037 1465 4066 ,.
1509 3990 1687 4073 quod
1734 3990 1895 4082 ‘aliis

405 4113 600 4177 etiam
640 4095 803 4178 riris
842 4102 1114 4170 eruditis
1147 4095 1472 4184 placuisse
1510 4091 1736 4167 video,
1797 4091 1897 4153 bis

404 4234 559 4278 eum
616 4211 685 4273 in
740 4210 1118 4293 Aegyptum
1196 4197 1561 4284 profectum
1620 4193 1907 4268 statuit,

401 4317 816 4401 primumque
876 4309 1016 4392 ejus
1082 4308 1210 4367 iter
1270 4319 1437 4363 anno
1486 4295 1749 4380 imperii
1795 4313 1898 4357 se-

405 4415 689 4480 cundnm
742 4408 1223 4474 Alexandrinos
1269 4405 1379 4468 Vl.
1439 4396 1700 4480 adfigit,
1765 4416 1893 4479 quo

403 4520 596 4584 etiam
648 4532 946 4596 tempore
1007 4520 1332 4571 mortuum
1397 4501 1485 4562 ibi
1545 4499 1897 4562 Antinoum

908 1454 1209 1540 Amplius
1271 1464 1340 1515 et
1410 1448 1585 1514 diem
1649 1444 1878 1510 definit
1987 1447 2154 1511 tinoi
2211 1448 2548 1512 commatis
2600 1447 3066 1526 Alexandrini,
3124 1470 3350 1515 omnes
3395 1454 3477 1518 L.

1999 1547 2083 1614 Θ.
2117 1562 2411 1626 notatos,
2471 1550 2852 1634 quosolim·
2884 1551 2954 1612 in
3005 1552 3301 1635 catalogo
3348 1573 3486 1638 mu·

1997 1651 2123 1714 sei‘
2160 1651 2465 1714 Caesarei
2545 1651 3058 1738 descripseram,
3148 1668 3484 1736 provocat,

1996 1772 2081 1817 cx
2119 1771 2250 1837 qno
2299 1753 2442 1834 jure
2494 1753 2736 1836 arguit,
2804 1774 2953 1818 cum
2994 1754 3316 1819 Antinous
3359 1759 3489 1821 Ha-

1997 1853 2208 1917 driani
2239 1873 2461 1917 comes
2489 1854 2764 1918 testibus
2797 1853 2899 1918 his
2944 1854 3159 1919 numis
3192 1872 3488 1923 mortuus

1996 1955 2127 2039 jam
2153 1955 2364 2019 fuerit
2394 1956 2464 2017 in
2495 1957 2800 2042 Aegypto
2833 1976 3002 2020 anno
3049 1956 3313 2040 imperii
3331 1961 3489 2036 -lxe,

1997 2057 2182 2122 numi
2246 2056 2357 2120 alii
2401 2057 2829 2122 Alexandrini
2874 2056 3276 2123 Hadrianum
3322 2083 3493 2128 aune

1936 2228 1943 2234 ,
1997 2160 2148 2228 XV.
2189 2157 2391 2223 fuisse
2431 2157 2502 2220 in
2527 2160 2833 2244 Aegypto
2878 2172 3235 2241 testentur,
3282 2165 3489 2248 sequi,

2000 2259 2102 2324 his
2179 2281 2333 2324 eum
2401 2260 2483 2323 ad
2545 2259 2711 2326 hanc
2771 2262 3118 2346 regionem
3171 2264 3492 2331 invisisse.

2002 2364 2254 2432 Verum
2287 2382 2434 2427 cum
2469 2361 2739 2426 eosdem
2776 2363 2898 2426 hos
2927 2384 3161 2430 numos
3195 2366 3497 2432 secundis

2004 2464 2273 2548 curis-in
2306 2483 2583 2528 examen
2606 2485 3036 2543 revocassem·
3059 2488 3142 2532 eo
3173 2481 3495 2552 tempore,

2004 2587 2136 2653 quo
2169 2564 2401 2631 eadem
2436 2580 2819 2650 argumenta
2851 2567 2934 2632 de
2967 2567 3282 2633 Hadriani
3311 2573 3499 2634 itine-

1999 2688 2114 2744 re,
2158 2680 2226 2732 et
2252 2680 2465 2732 morte
2496 2669 2767 2733 Antinoi
2802 2682 3080 2734 tractare
3116 2672 3329 2755 coepi,
3362 2693 3499 2737 non

2003 2766 2292 2833 obscure
2322 2768 2489 2844 vidi,
2549 2768 2905 2852 legendum
2958 2771 3174 2853 potius
3213 2774 3290 2837 L.
3337 2771 3497 2848 ῙΘ.,

2005 2882 2077 2932 ut
2106 2870 2275 2934 adeo
2322 2881 2551 2944 auctor
2592 2869 2986 2933 clarissimus
3034 2891 3117 2934 ex
3146 2872 3248 2937 his
3288 2877 3500 2939 musei

2005 2972 2216 3035 nostri
2286 2971 2501 3034 nnmis
2577 2971 2756 3034 nihil.
2800 2971 3058 3035 habeat‘
3100 2972 3183 3036 ad
3241 2994 3497 3042 causam

3308 585 3508 700 [ιρι.

2007 3094 2188 3136 suam
2247 3072 2553 3151 subsidii,
2611 3085 2680 3137 et
2733 3086 2997 3158 gravate
3054 3073 3260 3138 feram
3317 3078 3497 3161 ipse,
3527 3055 3542 3068 ἱ

2008 3195 2152 3240 mea
2186 3175 2589 3260 negligentia
2619 3177 2765 3242 viro
2801 3175 2962 3238 mihi
2985 3176 3393 3243 amicissimo
3431 3183 3502 3242 in

2008 3297 2084 3341 re
2131 3279 2451 3362 gravioris
2480 3276 2796 3341 momenti
2822 3277 3022 3340 fuisse
3058 3279 3339 3344 illusum.
3388 3283 3532 3348 Vi·-

2010 3378 2158 3454 do‚.
2193 3399 2357 3464 quae
2395 3378 2478 3441 de
2517 3378 2619 3443 his
2652 3378 2920 3444 Antinoi
2951 3381 3162 3445 numis
3197 3382 3262 3443 in
3307 3384 3498 3466 hujus

2007 3493 2268 3544 moneta
2301 3480 2628 3566 copiosius
2666 3479 2998 3545 disseram.
3053 3507 3058 3512 ·

2130 3583 2204 3644 Si
2249 3582 2658 3666 HIeronymo
2701 3580 2805 3664 ¹³),
2867 3597 2935 3646 et
2988 3585 3378 3649 Cassiodoro
3430 3587 3506 3649 fi·-

2014 3682 2197 3762 des„
2239 3684 2606 3749 Hadrianus
2664 3685 3130 3768 Alexandriam
3172 3711 3215 3749 a
3267 3690 3503 3754 Roma.-

2012 3771 2468 3853 nis'vastatam
2518 3786 2791 3863 refecit,
2867 3802 2935 3851 et
2995 3803 3160 3852 teste
3210 3792 3500 3873 Vopisco

2012 3902 2236 3951 vetera
2285 3891 2628 3975 privilegia
2675 3890 2993 3965 restituit,
3069 3904 3138 3953 et·
3191 3911 3355 3957 nova
3394 3893 3504 3955 ad·

2013 3989 2286 4069 maire).
2373 3993 2446 4051 ln
2512 3989 2768 4054 eadem.
2802 3991 2968 4054 urbe
3032 4011 3178 4053 cum
3250 3994 3502 4073 profes-

2016 4089 2274 4152 soribus
2305 4088 2665 4173 disputasse
2700 4091 2768 4153 in
2793 4110 3050 4168 museo,
3083 4092 3280 4154 tradit
3311 4094 3505 4177 Spar·

2016 4190 2242 4254 tianus.
2290 4193 2460 4282 Typi
2489 4180 2834 4254 numerum
2859 4191 3298 4276 praesentium
3327 4195 3502 4276 prin-

2011 4292 2192 4373 cipes
2220 4292 2503 4377 Aegypti
2555 4293 2749 4370 deos‚
2806 4307 2915 4358 ant
2957 4292 3307 4357 fertilitatis
3346 4316 3498 4378 eog-

2013 4386 2185 4457 nitae
2249 4409 2631 4480 argumenta
2706 4395 3049 4490 exlp'hent,
3127 4416 3200 4457 ac
3281 4412 3506 4459 notan·

2016 4497 2166 4559 dum
2213 4511 2587 4580 praeterea,
2651 4518 2976 4581 nunquam
3019 4498 3083 4557 in
3131 4498 3338 4566 numis
3375 4502 3502 4562 Ro·

393 4690 3476 4731 ,mm

479 4841 541 4910 a)
582 4835 649 4896 In
681 4832 999 4892 Chronico.
1150 4825 1219 4895 b)
1262 4823 1296 4880 l.
1322 4842 1367 4879 c.

1523 4822 1583 4892 c)
1622 4820 1682 4876 in
1716 4819 2047 4880 Saturnino.
2084 4841 2132 4874 c.
2156 4829 2205 4883 8.
2917 4855 2962 4870 n

2740 4911 3056 4998 orm-⁶-
