4509 5584
1492 592 1633 675 ‚Mt
1685 591 2350 669 ANTONIVS,
3221 534 3232 546 ·
3381 610 3473 684 ιη

357 758 842 828 ΡΟΝΤΙῈἘΧ.
897 759 1213 840 Securis,
1246 772 1311 825 et
1346 761 1474 826 duo
1508 766 1865 848 simpuvia.

322 866 505 931 AB.
548 866 751 949 (Mus.
785 865 1011 947 Caes.)

491 964 607 1030 Lis
643 981 747 1030 est
778 969 953 1031 iuter
1002 964 1434 1052 antiquarios,
1486 966 1619 1029 utri
1656 986 1740 1030 ex
1773 965 1871 1028 bi-

354 1068 463 1132 nis
508 1068 849 1148 Antoniis,
914 1069 1149 1156 quibus
1186 1069 1254 1132 in
1296 1084 1715 1154 praesentem
1756 1068 1871 1134 de·

345 1172 610 1236 narium
641 1172 741 1253 ius
781 1186 914 1250 est,
985 1172 1291 1236 denarius
1335 1173 1447 1235 hie
1485 1171 1869 1237 tribuendus

349 1275 459 1342 sit.
560 1277 817 1340 Horum
858 1296 1022 1337 unus
1069 1288 1170 1338 est
1213 1274 1289 1341 C.
1332 1275 1656 1340 Antonius
1699 1298 1869 1340 mar-

349 1378 417 1442 ci
490 1378 734 1457 frater,
813 1376 898 1440 de
957 1398 1089 1462 quo
1146 1377 1384 1442 Cicero
1417 1380 1515 1461 ·)ε
1605 1393 1753 1442 erat
1797 1380 1864 1442 ei

352 1480 480 1560 (Μ.
518 1479 845 1563 Antonio)
892 1502 1041 1563 spes
1092 1501 1230 1543 una
1293 1483 1367 1542 z'n
1418 1482 1489 1545 C.
1514 1481 1860 1557 Antonio,

350 1586 475 1661 qui
530 1583 812 1644 duorum
850 1583 1154 1669 flatrum
1223 1582 1466 1666 (Marci
1519 1595 1588 1645 et
1637 1581 1861 1666 Lucii)

351 1685 697 1747 aetatibus
738 1686 999 1748 medius
1042 1684 1435 1760 interjectus
1474 1687 1669 1747 vitiis
1711 1705 1861 1747 cum

351 1798 634 1867 utroque
661 1787 1003 1863 certabat,
1034 1790 1153 1866 qui
1187 1800 1517 1865 tanquam
1548 1788 1869 1849 extrude-

348 1900 538 1949 retur
580 1908 625 1949 a
670 1900 912 1952 senatu
950 1890 1023 1950 in
1058 1887 1569 1964 Macedoniam,
1624 1898 1693 1949 et
1731 1906 1867 1950 non

348 2001 595 2052 contra
624 1990 1122 2073 prohibet'etur,
1159 1991 1263 2052 ita
1300 1991 1618 2052 cucurrit.
1658 1989 1742 2056 V.
1780 1988 1857 2054 C.

346 2110 479 2173 7¹⁰
512 2090 991 2155 fratre-Marco·
1015 2091 1288 2154 consule
1311 2135 1329 2167 ,
1408 2089 1612 2153 fratre
1643 2091 1853 2156 Lucio

349 2191 621 2257 tribuno
671 2194 766 2278 pl.
816 2195 960 2277 ipse
1005 2207 1279 2277 praetor
1330 2190 1465 2265 fuit
1485 2188 1587 2273 ¹²).
1648 2193 1857 2258 Caeso

347 2292 677 2359 dictatore
726 2298 1027 2373 Marcus,
1089 2294 1394 2380 quoniam
1451 2295 1858 2379 provinciam

345 2395 632 2460 Galliam
680 2398 767 2461 D.
805 2399 1021 2461 Bruto
1071 2384 1461 2483 praeripere
1510 2397 1863 2461 meditaba-

344 2512 484 2574 tur,
509 2497 844 2563 decretam
871 2500 993 2563 sibi
1011 2498 1465 2565 Macedoniam
1491 2498 1679 2564 fratri
1700 2501 1859 2565 Caio

348 2600 594 2679 cessit,
669 2601 752 2666 ad
798 2623 991 2686 quam
1048 2601 1106 2665 is
1153 2602 1595 2687 occupandam
1642 2603 1860 2667 statim

345 2702 713 2786 profectus,
748 2704 1248 2770 sedaMBruto
1282 2705 1586 2770 exclusus
1609 2719 1862 2790 captus·

346 2826 517 2890 que,
550 2806 745 2889 hujus
780 2805 998 2890 jussu,
1030 2828 1162 2893 quo
1201 2807 1449 2874 Illviris
1472 2806 1539 2869 in
1575 2810 1658 2870 D.
1696 2808 1863 2871 Bru·

344 2921 531 2985 tum,
595 2907 1027 2988 Ciceronem,
1082 2908 1376 2994 aliosque
1420 2909 1863 2974 saevientibus

348 3010 572 3074 vicem
610 3011 1054 3096 rependeret,
1117 3012 1505 3075 interfectus
1553 3026 1656 3076 est
1689 3032 1860 3077 anno

344 3111 501 3190 hoc,
540 3125 649 3177 aut
677 3110 1138 3197 praecedentis
1176 3113 1380 3180 exitu.
1427 3113 1601 3184 Vide
1633 3136 1859 3180 rernm

345 3215 434 3280 R.
466 3215 852 3299 scriptores.

479 3316 678 3380 Alter
711 3317 786 3383 C.
818 3317 1143 3382 Antonius
1183 3317 1479 3401 Hybrida
1517 3316 1863 3386 Ciceronis

345 3419 416 3479 in
466 3419 811 3484 consulatu
859 3419 1152 3506 collega,
1200 3434 1273 3485 et
1304 3421 1523 3487 Inviti
1563 3437 1855 3508 patruus.

346 3521 482 3585 Hic
542 3540 807 3606 quoque
866 3520 1148 3587 cedente
1215 3508 1542 3589 Cicerone
1589 3526 1860 3589 sortitus

346 3624 762 3709 provinciam
818 3624 1307 3704 Macedoniam,
1360 3647 1521 3691 eam
1574 3648 1700 3712 per
1751 3650 1863 3691 an·

346 3747 471 3789 nos
532 3726 617 3795 V.
655 3727 728 3793 C.
762 3725 920 3813 692,
967 3725 1111 3811 ·6‹)3
1153 3749 1278 3813 pro
1321 3730 1595 3793 consule
1639 3729 1858 3811 rexit3

348 3849 591 3892 verum
649 3849 731 3893 rc
773 3849 922 3894 cum
965 3827 1290 3895 Dardanis
1336 3830 1686 3917 aliquoties
1729 3854 1862 3897 ma·

348 3933 418 3995 le
463 3944 669 4016 gesta,
715 3944 787 3995 et
830 3924 1207 4015 compertus
1251 3934 1559 3999 avaritiae
1601 3955 1861 4000 succes-

350 4055 577 4099 sorem
633 4050 899 4114 nactus,
983 4035 1052 4097 in
1114 4034 1388 4100 exilium
1449 4037 1685 4101 missus
1747 4036 1859 4102 diu

348 4151 511 4222 peu
538 4160 575 4202 a
609 4138 848 4203 Illviro
893 4150 1138 4227 nepote
1173 4138 1547 4203 sublevatus
1590 4153 1725 4219 est,
1769 4140 1857 4206 do

356 4260 493 4331 quo
522 4239 673 4305 vide
711 4241 903 4326 plura
935 4238 1107 4325 apud
1149 4240 1623 4327 Glandorpium
1656 4245 1743 4326 0)

483 4343 749 4430 Anceps
807 4342 1112 4413 nonnihil
1172 4344 1652 4423 controversia,
1727 4344 1861 4409 utri

426 4725 491 4796 ι)
526 4719 681 4780 Phil.
706 4721 780 4781 x.
812 4734 935 4787 ω.
1084 4724 1156 4799 b)
1195 4723 1308 4782 nio
1334 4724 1398 4781 1..
1429 4720 1602 4778 xtv.
1636 4724 1685 4797 §·
1706 4732 1769 4796 9,

480 4854 666 4935 (Vol.
700 4852 860 4934 VJ.)

1920 2794 1929 2805 ⁸
1976 2803 2132 2866 relii
2173 2826 2463 2874 numum.

1917 4726 1979 4795 c)
2022 4719 2330 4779 Onomast.
2356 4740 2418 4799 p.
2439 4733 2528 4785 75.

1983 762 2288 827 denarius
2324 761 2433 827 hic
2460 759 2925 846 adjudicandus
2948 761 3282 844 videatdr,
3331 786 3477 831 cum

1982 878 2263 951 uterque
2308 878 2376 928 et
2404 865 2759 950 proconsul
2779 909 2804 944 „
2845 878 2913 929 et
2939 878 3217 951 uterque
3251 866 3318 929 in
3347 871 3484 932 Ma-

1984 966 2262 1030 cedonia
2326 967 2548 1034 fuerit.
2658 968 2889 1031 Tutius
2948 980 3167 1033 tamen
3225 969 3485 1036 videtur

1983 1067 2337 1133 inhaerere
2420 1070 2781 1134 sententiae
2859 1070 3225 1157 communi,
3318 1092 3482 1158 quae

1982 1170 2203 1236 Illviri
2245 1170 2434 1235 fratri
2483 1194 2752 1235 numum
2808 1173 3119 1256 largitum
3167 1194 3319 1237 nam
3366 1173 3486 1238 hu-

1981 1270 2085 1350 jus
2146 1286 2359 1336 aetate
2419 1275 2627 1357 major
2682 1274 2806 1336 suit
2862 1275 3128 1339 licentia
3185 1290 3486 1341 monetae

1978 1374 2469 1459 magistratuum
2513 1379 2787 1441 nomine
2832 1377 3206 1461 cudendae,
3272 1378 3368 1441 uti
3417 1392 3487 1442 et

1980 1475 2287 1559 copiosos
2359 1477 2629 1543 alterius
2703 1478 2923 1543 fratris
2982 1480 3175 1543 Lucii
3251 1501 3484 1546 numos

1976 1577 2330 1656 habemus,
2393 1579 2479 1642 de
2524 1580 2756 1663 quibus
2799 1580 2886 1644 ad
2925 1604 3161 1645 annam
3205 1605 3482 1669 sequen-

1927 1693 2141 1766 „tem0
2191 1682 2426 1765 Neque
2472 1681 2696 1757 obest,
2744 1703 2893 1746 eum
2940 1707 2977 1747 a
3004 1686 3216 1749 Bruto
3260 1687 3485 1751 exclu-

1978 1804 2121 1845 sum
2160 1783 2564 1867 provinciam
2602 1806 2931 1870 nunquam
2964 1787 3286 1864 tenuisse3
3332 1810 3481 1852 nam

1980 1883 2063 1946 ad
2096 1905 2262 1962 eam,
2301 1887 2424 1949 etsi
2459 1908 2584 1970 per
2607 1887 2794 1951 nefas
2830 1888 3194 1967 decretam,
3243 1890 3343 1974 jus
3375 1890 3488 1954 ha·

1971 1986 2154 2063 buit,
2207 1987 2288 2050 ad
2327 2009 2601 2072 eamque
2624 1989 2992 2074 regendam·
3028 1991 3196 2055 urbe
3243 1992 3480 2073 exivit,

1975 2101 2043 2152 et
2075 2102 2327 2152 constat
2367 2108 2450 2152 ex
2479 2091 2805 2155 Cicerone
2839 2090 2943 2174 d),
2980 2092 3155 2156 hunc
3188 2093 3480 2160 C.Anto·

1973 2190 2153 2252 nium
2181 2212 2449 2275 semper
2478 2192 2886 2276 provinciam
2915 2188 3368 2263 Macedoniam
3404 2197 3474 2259 in

1977 2313 2097 2357 ore
2146 2292 2479 2360 habuisse.

2104 2398 2317 2460 Etiam
2352 2409 2547 2480 caput
2572 2396 2898 2462 muliebre
2928 2399 3261 2483 pileatum,
3303 2399 3480 2485 quod

1976 2496 2177 2562 offert
2225 2498 2407 2561 numi
2464 2502 2714 2578 antica,
2787 2501 2856 2565 iu
2916 2503 3273 2567 contrarias
3334 2524 3479 2566 sen-

1973 2600 2211 2664 tentias
2274 2599 2571 2667 eruditos
2632 2602 2961 2681 distraxit,
3040 2626 3196 2689 quas
3251 2605 3482 2670 videre

1977 2715 2172 2785 potes
2216 2701 2390 2786 apud
2431 2706 2956 2790 Havercampum
3004 2707 3088 2768 ad
3128 2708 3300 2771 hunc
3338 2711 3483 2771 Mo·

2550 2809 2941 2893 Praeplacet
2980 2807 3296 2891 judicium
3337 2810 3482 2871 Mo-

1975 2906 2187 2985 rellii,
2282 2907 2394 2992 qui
2441 2930 2525 2972 ex
2567 2910 2782 2974 numia
2826 2908 3181 2987 Hadriani,
3252 2909 3485 2974 inscri-

1973 3008 2141 3091 ptisx
2206 3007 2692 3078 ADVENTVI.
2785 3011 2990 3080 AVG.
3076 3013 3485 3077 MACEDO—

1974 3115 2230 3194 NIAE,
2305 3116 2378 3177 in
2445 3108 2680 3198 quibus
2757 3113 2991 3198 genius
3048 3113 3478 3178 Macedoniae

1980 3218 2180 3282 simili
2220 3218 2403 3302 pileo
2450 3216 2736 3301 tegitur,
2795 3215 3087 3279 feliciter
3125 3231 3480 3301 auguratus

1981 3334 2122 3399 est,
2183 3320 2379 3384 etiam
2423 3320 2616 3403 hujus
2661 3317 2914 3383 denarii
2957 3318 3167 3402 eapite
3214 3319 3485 3390 exhibe·

1976 3424 2039 3487 ri
2084 3423 2353 3508 genium
2397 3419 2863 3499 Macedoniae,
2925 3420 3109 3505 cujus
3157 3421 3231 3486 C.
3276 3423 3479 3485 Anto·

1978 3525 2125 3607 nius
2179 3525 2306 3588 fuit
2364 3523 2747 3610 proconsul.
2848 3522 3021 3591 Vide
3083 3525 3482 3588 Havercam-

1975 3649 2134 3712 pum
2178 3626 2262 3692 ad
2306 3622 2664 3690 denarium'
2703 3627 2918 3712 gentis
2963 3626 3290 3692 Planciae.
3376 3627 3482 3687 Pi-

1978 3729 2166 3807 leus,
2241 3750 2378 3815 quo
2422 3730 2664 3793 mulier
2704 3730 2989 3814 tegitur,
3067 3727 3241 3793 haud
3286 3728 3485 3793 dubie

1980 3846 2093 3895 esc
2146 3834 2363 3896 causia
2421 3830 2745 3896 familiare
2790 3814 3228 3896 Macedonum
3272 3846 3481 3917 gesta-

1978 3946 2161 4012 men,
2206 3935 2291 3999 de
2337 3955 2472 4020 quo
2513 3934 2668 4002 vide
2710 3934 2900 4018 plura
2949 3957 2985 4001 a
3017 3955 3126 3999 me
3160 3934 3479 4019 disputata

1975 4038 2046 4100 in
2098 4036 2311 4100 numis
2349 4037 2663 4123 Antigoni
2701 4040 2750 4099 Ι.
2787 4037 3214 4101 Macedoniae
3269 4038 3473 4123 regis.

1974 4140 2237 4205 Dicitur
2275 4140 2350 4204 C.
2366 4137 2687 4202 Antonius
2729 4138 3223 4217 PONTIFEX,
3286 4160 3478 4224 quam

1977 4243 2365 4329 dignitatem
2426 4240 2692 4306 videtur
2737 4255 2963 4307 nactus
3017 4264 3052 4307 a
3099 4244 3147 4308 1.
3179 4242 3486 4319 Caesare,

1979 4366 2126 4412 cum
2159 4346 2215 4410 is
2252 4343 2617 4411 sacerdotia
2645 4358 2945 4430 augeret.

2678 4722 2748 4796 a)
2788 4724 2941 4784 Phil.
2973 4726 3074 4786 111.

2926 4854 2986 4915 F
