4509 5584
954 649 1104 722 2324

946 822 1181 894 tusque
1223 807 1581 890 imperator
1611 802 1954 873 salutatur,
1998 793 2450 879 deductusque

2214 623 2844 700 CLAVDIVS

2566 793 2891 881 peratoris
2933 792 3156 859 aeneis
3195 798 3249 859 1.
3298 808 3364 860 et
3406 798 3486 861 11.
3530 795 3785 860 formae
3845 796 4063 859 nullus
4165 802 4184 814 ⁹

940 911 1015 974 in
1066 922 1275 973 castra
1318 907 1492 968 inter
1541 903 1817 986 militum
1878 899 2184 962 excubias
2234 898 2456 982 proxi·
2567 918 2848 980 unquam
2890 896 3150 960 additur
3191 917 3523 962 numerus.
3602 898 3889 961 Additur
3930 899 4065 984 qui-

944 1033 1117 1076 mam
1159 1022 1424 1073 noctem
1464 1005 1620 1090 egit.
1701 1003 2056 1078 Consules,
2114 1022 2188 1064 ac
2230 1015 2450 1088 patres

956 1113 1043 1177 in'
1060 1111 1386 1198 Capitolio
1422 1107 1689 1173 collecti
1726 1103 1882 1168 dum
1922 1103 2005 1168 de
2048 1102 2454 1167 restituenda

890 1202 903 1216 ’
941 1237 1086 1300 rep.
1129 1214 1532 1290 deliberant,
1578 1208 1834 1311 ipsique
1877 1208 2053 1271 inter
2096 1226 2168 1269 se
2213 1225 2444 1289 parum

952 1316 1389 1392 concordant,
1433 1311 1751 1398 postridie
1795 1310 2036 1374 milites
2079 1307 2148 1370 in
2193 1308 2448 1371 Claudii

946 1440 1187 1483 nomen
1243 1419 1581 1501 juravere,
1643 1412 2133 1497 parendumque
2183 1410 2307 1505 fait
2351 1432 2454 1474 ar·

942 1522 1082 1587 mis
1113 1521 1197 1585 ad
1227 1522 1356 1588 vim
1393 1518 1631 1604 paratis
1679 1519 1761 1597 ⁸).

1332 1705 1414 1769 V.
1456 1706 1525 1769 C·
1560 1710 1690 1788 794
1722 1703 1792 1765 Ρ.
1832 1698 1923 1764 X
1954 1707 2060 1775 [μ.

950 1827 1083 1892 TR.
1122 1827 1195 1891 Ρ.
1229 1824 1434 1891 008.
1468 1822 1668 1888 DES.
1706 1820 1950 1888 ITER.
1995 1821 2062 1885 P.
2100 1817 2204 1885 M.
2252 1818 2330 1886 Ρ.
2368 1819 2446 1883 P.

1511 1944 1716 2008 ῙΜΡ.
1756 1941 1854 2007 II.

1007 2069 1173 2134 Caio
1213 2066 1399 2151 Aug.
1430 2064 1552 2130 IV.
1592 2066 1709 2129 Gn.
1749 2061 1979 2129 Sentio
2010 2059 2380 2127 Saturnino

1614 2186 1749 2230 cos.

1068 2334 1174 2397 Ad
1233 2333 1581 2417 imperium
1634 2345 1902 2397 evectus
1959 2351 2183 2394 omnes
2230 2330 2444 2394 statim

940 2436 1248 2501 decretos
1298 2437 1587 2499 honores
1646 2433 1885 2518 recipit
1938 2432 2205 2517 dempto
2252 2454 2442 2516 prae·

935 2540 1204 2602 nomine
1234 2542 1692 2619 imperatoris,
1744 2550 1813 2600 et
1856 2536 2045 2599 titulo
2070 2540 2294 2616 patris
2323 2556 2445 2617 pa-

938 2648 1135 2717 triae,
1172 2638 1292 2703 sed
1323 2640 1584 2701 ethunc
1612 2638 1833 2722 paullo
1869 2650 2018 2721 post
2041 2636 2322 2699 admittit
2349 2634 2439 2720 b),

939 2742 1230 2807 Cassium
1277 2740 1637 2803 Chaeream
1672 2740 1884 2804 occidi
1922 2738 2107 2824 jubet
2144 2746 2304 2801 non'
2329 2737 2444 2800 do-

937 2847 1085 2909 lore
1117 2842 1293 2930 caesi
1319 2842 1490 2924 Caji,
1531 2842 1649 2904 sed
1683 2842 2028 2925 principis,
2076 2853 2253 2903 metu
2293 2861 2444 2925 pro·

935 2947 1227 3029 priarum
1281 2943 1661 3006 insidiarum
1709 2948 1789 3026 0).
1872 2943 2199 3040 {utiocbo
2248 2944 2446 3006 Com·

938 3068 1262 3131 magenen
1335 3069 1371 3109 a
1434 3047 1593 3129 Cajo
1667 3045 2029 3128 ademptam
2119 3045 2440 3121 restituit,

938 3150 1152 3214 Iberis
1216 3148 1660 3212 Mithridatem
1723 3139 1763 3210 ‘a
1807 3146 1964 3231 Cajo
2038 3147 2103 3207 in
2162 3146 2440 3210 vinculis

945 3250 1286 3314 detentum
1315 3253 1620 3325 remittit,
1650 3250 1843 3313 alteri
1882 3247 2243 3312 Mithridati
2279 3251 2442 3311 Bos·

937 3374 1177 3438 porum
1240 3352 1515 3435 largitur
1580 3351 1724 3415 data
1779 3352 2127 3414 Polemoni
2169 3351 2439 3414 Ciliciae

936 3465 1149 3538 parte.
1230 3455 1564 3538 Agrippae
1613 3468 1745 3515 tum
1791 3456 2040 3517 Romae
2085 3452 2438 3537 praesenti,

944 3571 1017 3620 et
1059 3576 1189 3640 quo
1233 3554 1315 3618 ad
1358 3556 1827 3639 capessendum
1869 3556 2220 3640 imperium
2289 3573 2441 3618 con·

937 3656 1184 3725 siliario
1249 3671 1351 3719 est
1399 3681 1586 3734 usus,
1663 3659 1938 3720 Iudaeae
1998 3678 2275 3741 regnum
2332 3677 2443 3718 au·

939 3772 1083 3845 get,
1153 3758 1344 3822 fratri
1384 3759 1641 3822 Herodi
1683 3757 2127 3821 Chalcidenen
2192 3757 2440 3841 adjudi-

938 3874 1065 3927 cat.
1161 3860 1488 3944 Sulpicius
1534 3847 1742 3923 Galba
1784 3861 2085 3940 Chattos,
2126 3861 2205 3927 P.
2249 3859 2440 3924 Gabi-

936 3961 1414 4030 nius‘Chaucos
1450 3963 1714 4029 vincunt
1752 3960 1840 4045 ἀ).

1465 4110 1505 4148 ἓ
1673 4067 1713 4103 *
1907 4111 1947 4149 ὗ

1073 4165 1578 4232 Observandum
1624 4167 1706 4232 ad
1747 4189 2011 4256 numos,
2080 4189 2244 4254 quos
2288 4188 2449 4252 con-p

939 4269 1124 4332 tinuo
1176 4268 1258 4333 ad
1302 4292 1541 4348 annum
1588 4286 2003 4354 praesentem
2048 4270 2439 4348 describam,

939 4391 1058 4436 eos
1086 4392 1312 4434 omnes
1368 4372 1495 4435 hoc
1534 4374 2022 4458 anno-signatos
2052 4395 2185 4438 non
2217 4372 2444 4449 fuisse,

945 4474 1072 4534 etsi
1115 4472 1395 4554 simplex
1433 4476 1572 4539 ΤΒ.
1608 4476 1682 4538 Ρ.
1717 4476 1900 4538 nullo
1944 4477 2165 4542 addito
2214 4500 2441 4542 nume·

938 4594 1018 4637 ro
1057 4571 1450 4658 praeferant.
1524 4578 1687 4656 Nam
1732 4576 1799 4638 in
1841 4579 2054 4643 numis
2099 4579 2293 4664 hujus
2323 4581 2438 4643 im·

2570 997 2722 1061 dem
2774 999 2842 1059 in
2906 1000 3155 1078 aureis,
3218 1013 3286 1063 et
3329 1001 3658 1083 argenteis
3702 1000 3822 1063 sed
3866 1001 4058 1064 etiam

2571 1100 2889 1182 omittitur
2932 1101 3002 1163 in
3044 1101 3159 1179 iis,
3218 1102 3330 1186 qui
3369 1101 3614 1187 absque
3654 1101 3860 1165 dubio
3898 1105 4060 1168 mul·

2561 1217 2628 1266 to
2679 1203 2889 1266 serius
2935 1205 3234 1289 percussi
3275 1218 3442 1266 sunt.
3515 1207 3610 1266 Ita
3658 1205 3840 1268 numi
3872 1205 4058 1269 Clau·

2562 1305 2655 1367 dii
2698 1326 2845 1370 cum
2881 1306 3094 1389 capite
3137 1306 3571 1389 Agrippinae,
3617 1308 3727 1371 vel
3770 1309 4052 1373 Neronis

2567 1422 2716 1472 ante
2762 1431 2999 1472 annum
3056 1410 3137 1477 V.
3181 1409 3254 1471 C.
3298 1410 3427 1472 803
3485 1408 3732 1491 signari
3771 1430 3902 1473 non
3945 1431 4061 1492 po·

2566 1522 2798 1587 tuere,
2858 1525 3077 1573 tamen
3124 1511 3335 1574 solum
3375 1512 3513 1570 ΤΒ.
3546 1511 3623 1574 Ρ.
3662 1511 3906 1595 absque
3954 1532 4063 1573 au·

2567 1626 2836 1695 gmento
2900 1611 3224 1677 offerunt*
3320 1613 3757 1675 Nihilominus
3825 1633 4056 1676 numos

2569 1733 2799 1779 omnes
2847 1713 2942 1778 sic
2988 1716 3337 1802 inscriptos
3375 1717 3501 1778 etsi
3533 1736 3758 1800 vagos,
3807 1715 4064 1801 quando

2566 1816 2805 1879 rationi
2841 1836 3215 1900 temporum
3245 1839 3379 1881 non
3414 1817 3892 1904 repugnabunt,
3930 1818 4060 1882 hoc

2556 1917 2710 1981 loco
2757 1940 3154 2006 proponam,
3213 1920 3361 2006 quia
3408 1921 3535 1985 hoc
3590 1940 3761 1985 anuo
3817 1919 4060 2005 signari

2554 2033 2894 2106 poterant,
2949 2023 3077 2087 etsi
3116 2022 3337 2107 reipsa
3394 2022 3632 2110 signati
3688 2022 3862 2088 forte
3922 2042 4057 2086 non
4129 2023 4146 2048 ⁴

2509 2121 2516 2126 ’
2552 2121 2819 2187 fuerint.

3082 2257 3121 2293 fi
3290 2207 3329 2248 ·
3498 2255 3537 2296 *-

2687 2327 3052 2413 Deinceps,
3113 2351 3258 2394 cum
3308 2328 3606 2395 diversae
3651 2332 3716 2394 in
3761 2329 4055 2417 ejusdem

2556 2431 2707 2494 anni
2752 2423 2964 2494 numia
3015 2446 3365 2496 occurrent
3395 2432 3852 2518 inscriptiones
3884 2433 4056 2517 capi-

2559 2534 2679 2610 tis,
2755 2554 2865 2596 eas
2944 2534 3320 2618 compendii
3395 2555 3587 2596 causa
3648 2536 4054 2619 praemittam

2560 2635 2913 2717 majoribus
3021 2634 3351 2720 alphabeti
3428 2637 3640 2722 literis
3724 2637 4057 2704 distinctas

2559 2757 2725 2821 quae
2756 2735 2994 2800 deinde
3034 2737 3116 2801 ad
3156 2739 3449 2822 singulos
3483 2759 3716 2801 numos
3749 2738 4057 2823 adjicien-

2554 2852 2689 2904 tur.
2776 2840 3192 2922 Propositum
3249 2840 3423 2902 istud
3491 2861 3807 2924 perquam
3871 2842 4051 2905 utile.

2556 2942 2720 3003 Nam
2794 2956 3251 3027 praeterquam
3312 2940 3489 3027 quod
3559 2943 4052 3027 inscriptionum

2561 3028 2936 3108 varietatem
2969 3043 3053 3105 ob
3086 3043 3314 3106 oculos
3349 3045 3566 3127 ponit,
3614 3044 3811 3109 docet
3837 3045 4053 3123 etiam,

2558 3167 2684 3230 qua
2742 3145 3181 3228 inscriptionis
3241 3144 3396 3229 lege
3453 3146 3885 3229 imperatores
3945 3171 4056 3214 an·

2554 3250 2656 3310 nis
2719 3247 2989 3332 singulis
3050 3248 3151 3309 usi
3206 3247 3373 3322 sint,
3433 3261 3566 3310 tum
3615 3271 3778 3335 quae
3821 3250 4051 3315 inscri-

2555 3350 2696 3436 ptio
2773 3349 2841 3411 in
2917 3363 3176 3438 moneta
3257 3370 3492 3428 aurea,
3568 3365 3637 3415 et
3713 3367 4046 3438 argentea,

2557 3471 2723 3536 quae
2787 3451 2856 3511 in
2929 3472 3131 3524 aenea
3196 3466 3499 3535 usurpata
3561 3453 3784 3516 fuerit.
3883 3456 4050 3518 Nam

2556 3567 2810 3616 certum
2855 3567 2985 3629 est,
3049 3574 3372 3638 persaepe
3415 3555 3777 3618 secundum
3820 3569 4046 3634 statam

2556 3655 2776 3738 legem
2821 3656 3255 3740 epigraphen,
3305 3677 3468 3741 quae
3509 3657 3575 3719 in
3617 3679 3812 3738 auro,
3856 3673 3923 3724 et
3951 3682 4050 3724 at-

2554 3771 2755 3842 gento
2798 3757 3078 3840 legitur,
3133 3755 3265 3822 non
3309 3759 3593 3842 reperiri
3635 3760 3704 3822 in
3746 3782 3935 3840 aere,
3980 3778 4050 3828 et

2555 3858 2870 3935 vicissim,
2930 3859 3011 3922 ad
3056 3860 3233 3944 quod
3280 3881 3430 3924 cnm
3468 3882 3601 3925 non
3633 3863 3786 3926 satis
3821 3864 4050 3930 adver-

2553 3975 2776 4027 terent
2817 3961 3093 4038 salsarii,
3154 3962 3399 4028 alienas
3443 3985 3641 4049 saepe
3677 3967 3888 4029 numis
3916 3969 4046 4032 suis

2552 4066 2993 4151 inscripsere,
3035 4085 3165 4151 quo
3210 4066 3353 4150 ipso
3382 4066 3561 4130 fraus
3594 4081 3889 4136 ceterum
3929 4069 4048 4134 sci·

2555 4182 2626 4232 te
2693 4169 2979 4234 ocultata
3030 4162 3328 4251 patescit.
3427 4169 3535 4232 Ad
3575 4170 3705 4234 hoc
3748 4193 3912 4238 vero
3954 4173 4051 4235 in-

2553 4273 2845 4338 stitutum
2890 4271 3209 4335 uno'fere
3254 4291 3482 4334 museo
3528 4274 3851 4339 Caesareo
3893 4297 4050 4342 usus

2557 4395 2733 4451 sum0,
2775 4389 2968 4459 atque
3014 4387 3383 4460 opportune
3426 4372 3693 4459 quidem
3735 4397 3882 4442 nam
3918 4380 4053 4443 Ro-

2553 4497 2783 4542 manae
2845 4489 3149 4541 monetae
3195 4474 3428 4559 opibus
3470 4475 3800 4559 abundat,
3849 4492 3919 4543 et
3961 4478 4045 4544 de

2557 4582 2700 4666 ejus
2755 4581 3129 4646 sinceritate
3191 4580 3518 4665 spondere
3571 4581 3714 4668 ipse
3758 4581 4050 4667 possum,

946 4717 4052 4750 Μ--ῇ-Ἣ

1016 4778 1078 4847 a)
1120 4775 1269 4843 Dio,
1302 4775 1650 4850 Suetonius,
1682 4796 1741 4841 ct
1768 4788 1999 4863 prolixe
2031 4788 2319 4866 Iosephus
2353 4791 2491 4848 Ant.
2518 4790 2584 4847 1..
2602 4787 2754 4846 XIX.
2789 4803 2910 4854 c.3·

1440 4871 1521 4978 d)
1564 4874 1676 4935 Dio
1704 4875 1744 4934 l.
1774 4896 1826 4937 c.
1858 4882 1977 4955 §.8.
2018 4882 2131 4946 Ios.
2164 4882 2304 4939 Ant.
2331 4879 2462 4945 lud.
2496 4877 2729 4942 Lm
2757 4891 2883 4947 c.3.

937 4874 1004 4939 c)
1044 4865 1158 4923 Dio
1188 4864 1226 4923 l.
1249 4884 1300 4925 c.

3057 4790 3128 4866 b)
3166 4791 3282 4851 Dio
3312 4787 3515 4854 L.1.X.
3547 4796 3599 4865 §.
3618 4803 3672 4857 s.
3701 4789 3862 4852 Suet.
3881 4810 3932 4852 ο.
3957 4804 4042 4854 12.
