4509 5584
1339 540 1739 619 xvmvs
1809 539 2312 621 CAESAR.
3289 477 3446 643 157
3547 580 3562 591 ·

256 711 609 779 consulatu
645 710 977 800 aliquanto
1000 722 1169 797 ‘post
1206 723 1511 798 tempore
1541 733 1768 798 supre-

255 837 443 879 mum
482 813 657 878 illud
693 834 925 878 munus
968 814 1261 880 iterasse.
1335 813 1556 910 Quare
1596 818 1767 880 alter

256 916 589 1003 repetitae
682 914 1040 979 dictaturae
1138 915 1514 982 statuendus
1597 916 1766 991 ordo

258 1002 468 1107 (inem
525 1017 641 1082 hic
680 1038 1083 1104 proponam,
1125 1032 1210 1082 -et
1253 1018 1365 1103 qui
1408 1018 1768 1084 concordat

261 1143 413 1187 cum
462 1119 713 1199 nuruis,
773 1141 992 1206 neque
1034 1133 1358 1206 repugnat
1397 1120 1768 1203 historicis,

260 1239 467 1311 atque
512 1222 857 1288 commode
906 1242 987 1286 ex
1033 1221 1288 1286 ratione
1335 1222 1608 1288 iteratae
1655 1224 1769 1289 de-

261 1328 495 1410 inceps
536 1323 926 1390 tribuniciae
981 1323 1319 1408 potestatis
1375 1323 1761 1396 illustratur.

261 1430 513 1494 Facem
560 1429 857 1514 praefert
896 1427 1038 1511 ipse
1101 1425 1271 1504 Dio,
1346 1446 1497 1490 cum
1542 1441 1761 1493 narrat

261 1531 345 1596 ad
384 1553 632 1597 annum
659 1533 741 1598 V.
773 1530 849 1597 C.
880 1528 1136 1612 706⁸),
1179 1526 1519 1592 decretum
1553 1527 1759 1593 fuisse

260 1637 518 1698 Romae
600 1632 817 1698 audita
889 1652 1107 1718 pugna
1180 1629 1589 1711 Pharsalica,
1682 1644 1763 1695 ut

264 1730 517 1803 Caesar
577 1740 865 1817 quinque
930 1736 1132 1798 annis
1188 1736 1529 1796 continuis
1587 1744 1760 1797 esset

252 1839 493 1901 consul
503 1882 523 1915 ,
552 1850 621 1900 et
655 1839 949 1901 dictator
982 1856 1117 1898 non
1146 1836 1237 1897 ad
1264 1846 1573 1897 semestre
1603 1847 1761 1897 ‘tan-

248 1956 392 2002 tum
449 1943 772 2024 spatium,
814 1940 934 2001 sed
975 1939 1048 1999 in
1100 1938 1433 2017 integrum
1486 1954 1755 1998 annum.

248 2042 477 2125 Pugna
509 2038 596 2103 ad
625 2038 1011 2103 Pharsalum
1041 2034 1386 2101 commissa
1428 2033 1550 2097 fuit
1581 2036 1755 2100 circa

242 2155 602 2217 aestatem,
640 2152 714 2202 nt
740 2137 977 2223 probat
1000 2137 1297 2200 Nerisius
1328 2134 1428 2220 ¹³),
1470 2156 1632 2221 ergo
1668 2156 1753 2200 ex

246 2244 312 2307 8.
362 2244 438 2307 0.
482 2240 755 2328 primus*
782 2241 1139 2305 dictaturae
1186 2261 1392 2303 annus
1441 2239 1644 2305 exivit
1681 2239 1751 2300 in

244 2359 489 2411 aestate
528 2344 680 2409 anni
725 2344 1059 2427 sequentis
1096 2361 1261 2427 707,
1311 2361 1388 2405 ac
1425 2354 1560 2405 tum
1598 2361 1791 2411 coe-‚

244 2449 341 2534 pit
377 2468 590 2512 annus
624 2445 981 2510 dictaturae
1016 2444 1217 2520 alter,
1269 2456 1339 2506 et
1385 2443 1478 2507 sic
1519 2464 1744 2529 porro.

246 2553 392 2617 Non
421 2567 807 2635 repugnare
839 2546 1003 2610 hanc
1041 2545 1429 2610 sententiam
1461 2545 1749 2609 testimo·

246 2654 369 2716 niis
410 2650 891 2716 historicorum
916 2694 935 2727 ,
991 2668 1076 2712 ex
1123 2648 1377 2711 adnexo
1413 2647 1593 2710 infra
1647 2667 1751 2710 ca·

247 2777 419 2821 none
459 2753 739 2840 patebit.
806 2752 1173 2814 Illustratur
1197 2769 1360 2815 vero
1405 2748 1568 2812 haec
1605 2769 1750 2812 sen·

250 2859 448 2923 tentia
494 2877 593 2920 ex
641 2857 794 2938 lege
844 2854 1112 2917 iteratae
1171 2852 1323 2918 trib.
1373 2852 1748 2936 potestatis,

248 2960 423 3043 juxta
475 2980 679 3045 (ruam
727 2954 1059 3033 videmus,
1095 2954 1279 3018 binas
1333 2974 1609 3018 numero
1658 2952 1754 3014 di-

253 3083 508 3137 versas,
572 3082 640 3125 v.
687 3078 747 3125 c.
790 3058 1051 3121 tertiam
1095 3070 1165 3120 et
1220 3069 1509 3140 quartam
1554 3075 1751 3139 saepe

248 3163 561 3248 conjungi
601 3181 754 3225 cum
799 3157 1036 3223 eodem
1087 3157 1445 3223 consulatu.
1495 3159 1617 3220 Est
1652 3179 1756 3220 er-

255 3288 338 3352 go
389 3263 617 3329 iterati
651 3263 845 3347 hujus
899 3261 1307 3345 magistratus
1340 3281 1620 3349 sequens
1655 3284 1754 3326 ra·

250 3370 340 3433 tio
367 3365 759 3453 probabilis.
840 3438 851 3445 ‚
1696 3360 1715 3379 “

370 3473 460 3537 V.
495 3471 573 3536 0.
618 3469 748 3552 7⁰5
804 3462 989 3532 victis
1027 3462 1094 3526 in
1134 3464 1446 3548 Hispania
1476 3464 1748 3529 Petreio

240 3585 316 3636 et
361 3570 640 3635 Ain-anio
683 3571 961 3632 Romam
1008 3587 1317 3631 reversus
1364 3567 1508 3630 iniit
1551 3567 1751 3635 dicta·

1881 727 2123 779 mestre
2165 724 2431 777 tantum
2469 719 2781 799 spatium,
2830 723 2955 786 sed
3001 723 3074 787 ἰπ
3124 724 3375 792 annuit:

1880 818 2214 898 integrum
2244 814 2329 899 d).
2427 830 2438 843 ‘
2990 850 2997 859 ·

2009 918 2093 985 V.
2132 919 2206 984 0.
2245 938 2392 1001 7⁰7·
2437 918 2918 986 mc'rA'ro-R.
2974 927 3022 986 1.
3061 928 3143 992 11.
3180 927 3370 992 COS.

1880 1020 1961 1083 11.
1992 1018 2102 1083 Sic
2128 1018 2262 1083 Dio
2298 1018 2379 1082 de
2411 1019 2690 1085 Caesare
2717 1037 2869 1107 post
2898 1025 3141 1093 victum
3170 1030 3375 1095 Phar·
3473 1057 3484 1067 ·

1878 1141 2110 1185 nacem
2155 1123 2435 1186 Romam
2474 1145 2747 1193 reverse
2779 1131 2872 1207 ⁶)=
2934 1129 3100 1191 haec
3136 1151 3180 1193 a
3218 1134 3378 1197 Gae-

1879 1244 2031 1286 sare
2087 1245 2166 1287 σο
2217 1246 2392 1289 anuo
2436 1241 2634 1306 gesta
2679 1240 2871 1304 sunt,
2930 1249 3058 1321 quq
3097 1254 3168 1295 re
3222 1235 3372 1314 ipsa

1878 1323 2224 1406 imperium
2255 1327 2552 1390 dictator
2578 1330 2821 1390 iterum
2850 1333 3086 1411 gessit,
3125 1333 3246 1395 sed
3278 1333 3373 1395 in-

1873 1424 2128 1508 tellige,
2153 1423 2309 1490 inde
2342 1425 2421 1490 ab
2452 1441 2719 1496 aestate.
2753 1430 2839 1493 Et
2854 1431 3240 1499 Plutarchus
3285 1431 3368 1516 f).

1871 1526 2048 1591 victo
2075 1527 2413 1592 Pharnace
2440 1531 2721 1594 Romam
2742 1537 3088 1618 profic-tus
3114 1549 3217 1599 est
3244 1540 3380 1600 cie·-

1874 1624 2269 1713 cumagehte
2305 1650 2616 1708 scanne,
2662 1634 2735 1695 in
2768 1653 2957 1712 quom
3005 1637 3229 1701 dictus
3264 1651 3371 1703 est

1846 1731 2171 1792 dictator
2220 1734 2503 1811 iterum,
2571 1754 2722 1796 cum
2764 1735 2878 1798 laic
2923 1739 3369 1820 magistratus

1870 1850 2205 1912 nunquam
2243 1844 2445 1895 antea
2482 1854 2747 1899 annuus
2776 1848 2970 1903 esset.

1996 1933 2080 2001 V.
2113 1933 2184 1998 C.
2216 1933 2362 2019 708.
2398 1935 2881 2013 DICTA'I'OR.
2912 1940 2992 2005 11.
3026 1943 3137 2003 111.
3168 1941 3361 2009 008.

1867 2036 1975 2097 111.
2021 2034 2151 2099 Dio
2180 2039 2279 2118 8):
2356 2049 2670 2118 sequente·
2725 2061 2902 2104 anno
2953 2043 3365 2108 dictaturam
3449 2084 3454 2093 ·

1865 2137 2104 2215 simul,
2147 2151 2214 2201 et
2252 2141 2713 2218 consulatum,
2762 2155 3114 2225 utrumque
3155 2149 3365 2210 tertia

1865 2241 2007 2303 vice
2050 2236 2298 2321 gessit,
2366 2239 2485 2304 sed
2530 2263 2755 2305 ursum
2808 2243 3108 2331 intellige
3128 2290 3158 2325 ‚-
3205 2247 3360 2312 inde

1864 2339 1944 2402 ab
1979 2352 2261 2418 aestate,
2305 2354 2373 2404 et
2415 2362 2567 2405 mox
2601 2343 2770 2409 infra
2799 2342 2902 2428 Β).
2946 2349 3267 2415 Dictator
3292 2354 3369 2413 ἰνι

1865 2441 2251 2504 decennium
2311 2443 2483 2508 victo
2537 2446 2692 2515 Iuba
2762 2450 3171 2513 constituun-
3241 2464 3362 2517 est.

1865 2542 2029 2604 Cum
2070 2542 2138 2604 in
2168 2543 2546 2630 Hispaniam
2585 2564 2812 2614 contra
2849 2550 3150 2636 Pompeji
3197 2551 3364 2618 libe·

1863 2664 1975 2707 ros
2002 2659 2322 2724 moveret,
2354 2649 2530 2734 quod
2556 2651 2791 2715 accidit
2821 2672 2990 2717 anno
3011 2651 3150 2716 hoc
3180 2651 3364 2717 incli-

1864 2758 2079 2837 nante,
2109 2760 2293 2823 recte
2324 2770 2478 2814 eum
2511 2767 2740 2817 auctor
2765 2755 3056 2820 incertus
3103 2753 3148 2836 i)
3173 2769 3362 2820 vocat

1839 2846 2252 2931 ’dictatorem
2283 2854 2392 2918 111.
2430 2851 2838 2941 designatum
2874 2858 2987 2925 IV.
3038 2855 3140 2918 Ad
3185 2856 3360 2921 hunc

1868 2970 2031 3032 ergo
2086 2973 2358 3029 annum,
2420 2957 2540 3019 sed
2583 2956 2723 3038 ejus
2771 2970 3020 3039 partem
3063 2959 3362 3043 priorem

1830 3053 2201 3137 -pertinent
2263 3056 2479 3120 numia
2550 3058 2739 3123 008.
2798 3059 3063 3127 TER'I'.
3121 3060 3352 3127 Dtc'r.

1864 3157 2098 3222 ITER.

1988 3261 2071 3328 V.
2110 3259 2182 3323 G.
2214 3278 2364 3345 709.
2392 3258 2871 3329 DICTATOR.
2900 3264 3143 3331 111.1V.
3166 3264 3353 3329 COS.

1848 3362 1977 3429 JV.
2021 3360 2332 3425 suadente
2376 3359 2550 3425 istud
2610 3365 2939 3451 analogia,
2999 3366 3121 3430 etsi
3174 3370 3356 3434 numi

1864 3463 2064 3541 certi,
2097 3463 2209 3549 qui
2244 3463 2418 3526 istud
2452 3465 2868 3547 confirment,
2903 3466 3225 3534 deficiant.

1987 3567 2071 3634 V.
2114 3566 2185 3629 0.
2228 3588 2376 3649 7ιο.
2425 3569 2907 3636 DICTATOR.
2952 3572 3064 3639 IV.
3111 3571 3351 3638 deinde

250 3687 455 3739 turam
500 3672 925 3738 comitiorum
962 3667 1419 3733 hahendorum
1447 3690 1646 3733 causa
1681 3683 1748 3733 at
1859 3667 2366 3735 PERPETVO.
2430 3670 2621 3738 008.
2682 3673 2766 3743 V.
2828 3671 3163 3737 Dictatura
3233 3676 3347 3741 IV.

242 3797 330 3841 eo
371 3797 444 3841 se
489 3794 773 3839 munere
808 3785 954 3857 post
987 3771 1128 3837 dies
1159 3773 1271 3834 XI.
1302 3769 1623 3837 abdicavit
1654 3773 1734 3852 ο).

1845 3768 2176 3856 principio
2234 3771 2425 3853 hujus
2490 3773 2860 3838 consulatus
2904 3775 3219 3859 probatur
3258 3797 3348 3841 ex
3417 3824 3426 3831 -

248 3876 721 3964 Temperat-iae
765 3875 959 3958 hujus
1001 3873 1360 3937 dictaturae
1395 3874 1637 3937 Caesar
1667 3874 1735 3936 in
1850 3871 2102 3937 numis:
2158 3873 2330 3940 DIC.
2395 3872 2666 3967 QVAR.
2729 3874 2920 3941 COS.
2965 3876 3086 3955 V„
3152 3892 3220 3941 et
3262 3899 3351 3943 ex

249 3981 384 4063 ejus
418 3980 771 4045 iteratione
810 3977 1128 4041 rationem
1167 3997 1298 4038 non
1334 3975 1577 4039 habuit.

1848 3974 2219 4059 fragmento
2301 3976 2666 4061 Capitolino
2762 3999 2957 4063 supra
3032 3979 3346 4064 probavi,
3417 4010 3420 4015 ·

366 4084 452 4151 V.
492 4083 570 4148 0.
610 4080 760 4164 706.
803 4077 1283 4142 DICTATOR.
1333 4079 1384 4142 Ι.
1427 4077 1620 4144 008.
1653 4080 1735 4145 11.
1806 4102 1809 4109 ¹
1851 4075 2055 4140 fnisse
2114 4079 2465 4146 Caesarem
2507 4080 2897 4145 dictatorem
2956 4082 3070 4149 IV.
3130 4081 3344 4146 adhue·
3414 4108 3422 4119 ·

243 4187 489 4250 Romae
539 4195 859 4269 percepta
910 4183 993 4246 ad
1038 4179 1420 4245 Pharsalum
1464 4180 1738 4245 victoria
1850 4180 1994 4247 VII.
2039 4179 2180 4246 Hal.
2226 4182 2429 4249 Febr.
2489 4182 2629 4266 ejus
2685 4182 2858 4247 anni.
2926 4183 3016 4246 At
3067 4205 3342 4249 necesse
3458 4239 3469 4252 .

247 4287 618 4365 decretum,
653 4300 728 4349 nt
754 4286 999 4349 Caesar
1030 4287 1327 4364 quinqud
1355 4287 1554 4346 annis
1588 4304 1739 4346 cotz-

248 4394 456 4456 timu‘s
488 4404 665 4456 esset
702 4389 969 4464 consul,
1016 4388 1307 4448 dictator
1345 4404 1476 4446 non
1516 4385 1618 4445 ad
1645 4406 1742 4446 se-

318 4630 381 4700 a)
404 4626 475 4684 1..
504 4625 687 4685 XLII.
716 4645 770 4685 c.
801 4636 891 4686 20.

248 4716 312 4777 Ι..
340 4718 520 4777 XLII.
562 4721 629 4794 §2
642 4728 736 4777 20.
928 4712 1101 4786 eyn.
1131 4711 1401 4784 XL11.·§.·
1432 4723 1520 4775 55.

247 4804 317 4879 h)
355 4808 405 4881 ς.
434 4816 522 4870 24.
727 4806 779 4879 i)
818 4802 893 4861 de
926 4801 1069 4863 bell.
1096 4803 1261 4882 Hisp.
1296 4822 1347 4862 c.
1376 4815 1428 4865 2·

1094 4621 1166 4695 b)
1208 4620 1442 4698 Epoch.
1479 4621 1778 4698 Syn-omae.
1804 4637 1867 4698 p.
1898 4623 2017 4685 165.

1722 4711 1879 4784 ostiu
1919 4711 2089 4769 Caes.
2127 4730 2188 4788 p.
2224 4729 2305 4769 m.
2340 4720 2465 4775 75¹.
2500 4713 2563 4768 F.

1853 4294 1985 4359 est,
2047 4302 2198 4345 eum
2252 4283 2473 4368 paullo
2533 4297 2682 4368 post
2725 4297 3023 4348 creatum
3077 4284 3346 4352 dictate·

1853 4403 1995 4447 rem
2031 4399 2394 4468 perpetuo,
2426 4385 2601 4471 quod
2644 4385 2908 4473 quidem
2948 4400 3203 4474 tempus
3234 4389 3345 4454 ad-

2221 4611 2285 4693 e)
2316 4621 2429 4679 Dio
2446 4662 2463 4690 ,
2491 4621 2644 4683 Plut.
2670 4624 2928 4703 Appian.
3130 4624 3203 4699 d)
3230 4626 3344 4684 Dio

2764 4717 2831 4791 g)
2870 4714 2935 4773 L.
2965 4713 3169 4774 nm.
3210 4718 3259 4790 ς.
3298 4732 3344 4778 ι.
