4509 5584
1612 507 2199 598 mmmmm.

352 703 543 748 eausa
581 681 662 745 ab
726 678 947 764 iniqua
1001 675 1349 742 mimorum
1389 676 1675 743 lectione
1730 698 1844 763 pe-

3311 511 3464 617 1‘91·

1954 678 2105 741 ⁴rum
2178 687 2480 760 notarum
2541 679 2610 739 in
2678 677 2895 744 tabula
2964 691 3168 746 aenea
3221 685 3451 752 colore

350 783 571 850 tenda.
656 780 1123 845 Mediobarbus
1202 780 1342 861 ejus
1407 780 1580 843 tituli
1655 801 1845 846 exor-
1957 776 2297 843 manifeste
2336 778 2875 863 deprehenditur.
2929 784 3262 849 Nimirum
3308 789 3450 856 sive

353 884 528 949 dium
580 886 709 968 jam
772 885 854 946 ad
897 904 1134 945 annum
1178 883 1261 951 V.
1307 883 1379 944 C.
1421 882 1549 965 769
1607 884 1836 947 refert.

346 988 438 1050 Et
493 986 775 1072 juvabat*
811 987 978 1050 bane
1033 983 1420 1048 sententiam
1485 1005 1675 1049 eausa
1729 1005 1841 1051 ve-

346 1089 676 1166 risimilis3
731 1110 879 1151 nam
923 1085 1162 1150 eodem
1203 1106 1372 1148 anno
1418 1084 1759 1150 Tiberium
1801 1105 1838 1151 a

345 1191 554 1254 milite
610 1192 678 1251 in
740 1190 891 1254 loco
968 1187 1204 1271 praelii
1260 1187 1570 1279 adrersus
1625 1190 1839 1252 Armi-

339 1278 520 1355 nium
579 1291 745 1354 duee
777 1289 1170 1353 Germanico
1222 1290 1555 1353 commissi
1606 1291 1837 1354 saluta·

340 1406 478 1455 tum
528 1392 992 1477 imperatorem
1040 1395 1263 1458 docuit
1301 1395 1565 1459 Tacitus
1612 1394 1692 1476 ὃ).
1746 1394 1836 1456 At

340 1516 475 1560 non
522 1515 713 1558 usum
745 1494 1083 1558 Tiberium
1126 1497 1344 1560 delato
1373 1497 1500 1558 hoe
1541 1496 1832 1572 bonore,

342 1610 412 1661 et
447 1595 623 1660 haud
670 1595 866 1659 dubie
905 1617 1028 1680 per
1077 1598 1385 1662 invidiam
1421 1595 1834 1674 Germanici,

337 1698 617 1785 probant
645 1697 825 1759 numi
862 1719 1176 1761 annorum
1214 1700 1512 1782 proxime
1555 1716 1832 1780 sequen·

336 1800 536 1877 tium,
563 1800 633 1861 in
659 1799 892 1884 quibus
921 1800 1132 1863 adhuc
1160 1801 1337 1861 IMP.
1366 1802 1510 1870 VII.
1545 1797 1834 1881 compel-

334 1905 534 1981 latur,
590 1914 657 1964 et
694 1924 729 1964 a
761 1900 1193 1964 Mediobarbo
1240 1901 1384 1983 ipso
1430 1901 1646 1978 citati,
1696 1919 1828 1984 quo

340 2004 546 2089 magis
586 2003 726 2086 ejus
760 2002 883 2066 viri
925 2002 1328 2088 negligentia
1374 2001 1845 2086 reprehensio*

339 2128 493 2171 nem
523 2117 835 2168 meretur.

388 2261 405 2271 .
468 2205 815 2269 Morellius
841 2205 909 2265 in
930 2204 1142 2266 numis
1172 2203 1428 2266 Tiberii
1473 2202 1635 2268 Tab.
1657 2203 1829 2269 Vm.
1894 2283 1905 2288 α

342 2330 407 2371 n.
445 2326 503 2370 a.
546 2329 813 2370 numum
869 2327 951 2368 ex
993 2325 1222 2368 museo
1262 2304 1441 2391 regis
1475 2305 1832 2368 Galliarum

344 2432 493 2475 eum
524 2412 643 2472 hae
674 2409 1032 2492 epigraphe
1057 2406 1255 2468 sistit:

470 2511 738 2576 PONT.
784 2511 992 2570 Max.
1041 2508 1234 2575 COS.
1285 2512 1396 2574 111.
1441 2509 1617 2572 IMP.
1652 2508 1827 2576 Vm.

347 2613 486 2675 ΤΒ.
526 2611 730 2674 ΡΟΤ.
767 2612 944 2688 XX„
989 2611 1055 2674 vi
1091 2612 1274 2692 eujus
1326 2609 1685 2674 testimonii
1722 2609 1830 2668 Ti·

338 2713 564 2777 berius
602 2712 832 2774 fuisset
857 2714 1035 2775 IMP.
1061 2713 1233 2778 VIII.
1265 2712 1395 2795 jam
1430 2713 1513 2780 V.
1549 2711 1621 2775 C.
1669 2731 1829 2792 771,

339 2815 450 2881 vel
484 2816 712 2877 saltem
761 2832 921 2895 772,
969 2813 1040 2874 in
1074 2831 1239 2898 quos
1287 2833 1488 2874 annos
1519 2811 1689 2873 cadit
1721 2813 1829 2872 -Ti-

312 2917 511 2982 'berii
551 2915 919 2982 consulatus
956 2916 1102 2992 111.‚
1149 2927 1219 2978 et
1254 2912 1396 2997 ejus
1428 2912 1581 2983 trib.
1613 2927 1827 2997 potes·

335 3033 431 3084 tas
463 3019 603 3084 xx.
1702 3007 1710 3022 '

461 3120 646 3186 Idem
695 3120 804 3183 hio
853 3139 1086 3180 numus
1132 3117 1227 3181 sie
1278 3131 1532 3180 temere
1583 3114 1826 3178 descri-

332 3237 482 3309 ptus
507 3223 650 3285 aliis
682 3220 934 3283 duobus
977 3219 1209 3282 eadem
1253 3218 1472 3290 tabula
1512 3217 1822 3281 continuo

330 3323 752 3411 sequentibus
827 3321 1104 3405 pestifer
1172 3321 1447 3397 exstitit,
1540 3339 1818 3405 quorum

328 3428 493 3491 haee
525 3424 916 3509 proponitur
953 3423 1344 3506 epigraphe:

450 3529 643 3592 Num.
675 3528 738 3591 3.
794 3525 1057 3589 PONT.
1111 3524 1424 3588 MAXIM.
1473 3521 1662 3586 COS.
1702 3523 1814 3586 III.

326 3631 504 3694 mP.
534 3631 706 3698 VIII.
745 3631 891 3704 ΤΒ.-
917 3626 1120 3690 ΡΟΤ.
1154 3626 1323 3686 XXI.

400 3722 642 3798 'Num.
681 3740 741 3809 ι..
809 3727 1072 3791 PONT.
1112 3729 1421 3792 ΜΑΧΙΜ.
1454 3726 1657 3798 4305.
1700 3725 1806 3786 111.

319 3835 498 3915 lMP.
531 3834 705 3901 VIII.
746 3832 884 3896 ΤΒ.
923 3827 1124 3894 ΡΟΤ.
1162 3830 1365 3893 xxn.

322 3939 473 4000 Non
507 3935 647 3999 sine
679 3944 856 3998 certa
891 3931 1143 3992 ratione
1178 3929 1447 4003 adsero,
1506 3947 1807 3991 errorem

320 4037 499 4102 numi
518 4038 569 4099 1.
600 4033 866 4098 fluxisse
904 4033 968 4096 in
1002 4031 1163 4094 duos
1199 4031 1497 4113 proxime
1531 4050 1804 4112 sequen-

317 4153 439 4203 tes.
526 4138 693 4198 Nam
750 4134 937 4197 facile
986 4153 1067 4196 ex
1115 4133 1270 4216 ipsis
1318 4131 1646 4195 iconismis
1698 4146 1809 4212 ap-

320 4251 539 4325 paret,
576 4250 789 4332 ‚antea
820 4238 888 4297 in
940 4236 1018 4298 iis
1055 4257 1175 4320 pro
1220 4236 1394 4299 IMP.
1434 4236 1606 4300 V111.
1638 4232 1806 4293 seul·

316 4325 501 4428 ptum
570 4339 808 4414 fuisse,
876 4350 949 4399 ut
1005 4338 1324 4420 oportuit,
1395 4336 1572 4399 lMP.
1627 4334 1804 4410 Vn„

318 4444 441 4509 sed
469 4439 744 4506 subinde
781 4459 1127 4514 numerum
1163 4440 1306 4504 V11.
1352 4440 1420 4498 in
1454 4439 1626 4502 VIII.
1660 4455 1807 4516 per-

316 4565 547 4633 peram
578 4555 987 4619 correctum,
1035 4539 1208 4627 quod
1243 4560 1327 4604 ex
1367 4536 1807 4622 nigrioreba-

389 4731 453 4827 aj
490 4755 643 4811 Anu.
672 4751 745 4811 11.
780 4759 862 4815 ιε.
1013 4749 1081 4822 b)
1120 4749 1273 4806 Part.
1308 4747 1379 4804 11.
1416 4766 1474 4822 p.
1496 4756 1586 4818 95·

1952 881 2095 965 ipse
2144 881 2524 962 Mor‘ellius,
2575 883 2747 960 sive,
2789 884 2902 972 qui
2951 884 3026 947 -in
3058 885 3225 951 hane
3249 889 3462 982 ‚tabuss

1952 982 2083 1045 lam
2156 995 2628 1046 commentatus
2715 998 2863 1061 est,·
2928 987 3451 1075 Havereampus‚

1954 1081 2117 1148 eum
2170 1083 2239 1145 in
2320 1106 2518 1148 numo
2577 1087 2625 1148 1.
2670 1085 2976 1152 viderent
3030 1090 3450 1170 conjunctum

1952 1186 2128 1249 IMP.
2166 1186 2341 1250 Vm.
2394 1208 2541 1250 eum
2590 1189 2728 1249 ΤΒ.
2777 1190 2985 1256 ΡΟΤ.
3039 1193 3213 1272 XX„
3269 1207 3460 1259 tanto'

1951 1286 2157 1370 magis
2201 1289 2374 1354 VIII.
2422 1288 2827 1373 imperatorii
2888 1291 3161 1356 honoris
3219 1315 3446 1359 nume-

1949 1410 2096 1454 rum
2132 1387 2213 1451 ad
2241 1404 2592 1472 sequentes
2629 1392 2781 1468 trib.
2809 1406 3173 1477 ,potestates
3199 1378 3442 1460 ⁴valere

1948 1504 2379 1567 censuerunt,
2421 1505 2614 1576 atque
2648 1492 2817 1566 adeo
2847 1514 2923 1555 re
2955 1515 3092 1558 non
3124 1498 3445 1563 satisma·

1946 1605 2094 1655 ture
2128 1591 2413 1656 discussa
2443 1594 2716 1656 nimium
2750 1595 2967 1659 seduli
3000 1616 3083 1660 ex
3114 1600 3297 1662 numi
3313 1600 3445 1684 pri-

1945 1691 2035 1772 mi
2058 1692 2310 1772 scabie,
2371 1716 2538 1780 quae
2577 1696 2844 1760 tolenda
2877 1697 3094 1780 potius
3131 1699 3291 1778 fuit,
3338 1717 3458 1766 rea·

1944 1796 2158 1879 liques
2190 1798 2740 1868 contaminavere.
3059 1869 3064 1874 ,

2071 1896 2376 1960 Eundem
2417 1922 2719 1975 numum,
2773 1896 3166 1983 flagitiosum
3198 1924 3439 1989 nempe

1944 1996 2215 2077 ducem,
2293 2015 2554 2064 secutus
2607 2002 2786 2085 ipse,
2853 2024 3007 2066 eum
3073 2005 3441 2090 catalogum

1947 2100 2157 2168 musei
2219 2101 2526 2166 Caesarei
2595 2105 3044 2188 ·eonfieerem,
3131 2109 3442 2192 quoniam

1946 2203 2258 2266 Morellie
2319 2217 2417 2266 tot
2462 2204 2542 2267 ab
2595 2203 3015 2270 adcuratione
3069 2212 3440 2291 praeconiis

1945 2304 2318 2382 celebrato,
2395 2305 2507 2390 qui
2562 2327 2829 2368 numum
2885 2307 3028 2391 ipse
3097 2310 3293 2388 vidit,
3371 2329 3454 2377 et·

1946 2405 2338 2482 delineavit,
2441 2427 2702 2469 omnem
2796 2407 2998 2473 fidem
3083 2411 3435 2491 habebam,

1944 2529 2135 2590 quam
2198 2507 2399 2571 hodie
2441 2508 2520 2569 in
2563 2510 2692 2572 hoe
2757 2509 2897 2592 ejus
2959 2514 3166 2596 Impp.
3227 2501 3434 2595 opere

1943 2629 2076 2674 non
2118 2630 2273 2672 raro
2326 2611 2726 2693 ambiguam,
2808 2625 2875 2673 et
2923 2611 3202 2676 salacem
3243 2635 3437 2697 repe-

1944 2708 2078 2786 rio,
2131 2711 2311 2773 IMP.
2354 2712 2525 2776 VIII.
2556 2711 2826 2773 titulum
2870 2714 3120 2795 pariter
3166 2714 3250 2777 ad
3282 2717 3430 2779 trib.

1940 2824 2332 2893 potestatem
2364 2811 2768 2889 §CL-adfixi,
2812 2828 2890 2877 -et
2920 2835 3073 2878 mox
3115 2815 3182 2877 in
3216 2819 3431 2880 numis

1939 2911 2108 2974 binis
2172 2910 2470 2995 ejusdem
2517 2915 2728 2976 musei
2774 2905 2907 2976 non
2954 2915 3107 2978 satis
3150 2916 3429 3001 integris

1936 3012 2297 3077 seeundum
2367 3014 2705 3099 exemplar
2745 3016 3207 3081 Morellianum
3249 3003 3428 3083 num.

1938 3112 1976 3176 3
2033 3114 2443 3198 propositum
2516 3117 2873 3199 legendum
2946 3121 3172 3183 censui
3248 3123 3426 3185 ΙΜΡ.

1938 3215 2113 3286 Vm.
2158 3217 2296 3277 ΤΒ.
2330 3216 2725 3285 POT.xxl.
2756 3217 2847 3300 b).
2894 3221 3123 3284 Serius
3154 3244 3427 3286 numum
3491 3299 3497 3303 ³

1934 3315 2077 3397 ejus
2138 3315 2403 3400 generis
2466 3320 3002 3404 integerrimum,
3082 3344 3278 3409 quem
3342 3327 3424 3388 ad

1932 3438 2169 3480 annum
2205 3419 2289 3486 V.
2328 3418 2399 3482 C.
2430 3421 2555 3502 773
2589 3424 2938 3506 proposui,
2984 3438 3210 3490 nactus
3255 3447 3419 3502 sum,

1931 3519 2043 3603 qui
2104 3519 2338 3583 borum
2407 3537 2754 3586 numorum
2823 3524 3226 3610 epigraphen
3294 3542 3421 3591 tam

1929 3620 2231 3705 ambigue
2279 3641 2474 3706 saepe
2530 3627 2933 3709 propositam
2988 3628 3187 3710 plene
3231 3625 3421 3695 stabi-

1927 3720 2001 3783 lit
2038 3721 2423 3808 inscriptus:

1921 3825 2189 3889 PONT.
2258 3827 2571 3893 MAXIM.
2620 3826 2814 3893 COS.
2880 3831 2989 3891 111.
3047 3831 3225 3897 ῙΜΡ.
3274 3833 3413 3900 V11.

2359 3931 2500 3994 TR.
2539 3919 2745 3994 Po‘r.
2790 3921 2994 3995 XXII.

1921 4041 2113 4112 atque
2160 4029 2288 4093 hoe
2324 4029 2523 4093 modo
2572 4029 2750 4090 idem
2793 4050 3054 4114 quoque
3099 4031 3413 4097 describi-

1920 4142 2028 4190 tur
2072 4153 2104 4191 a
2139 4131 2406 4195 Goltzio
2452 4136 2546 4214 c),
2597 4129 2675 4192 'in
2723 4151 2951 4194 museo
2992 4133 3062 4194 C.
3101 4131 3184 4197 de
3221 4135 3405 4214 Pfau‚

1921 4244 1986 4292 et
2024 4233 2376 4317 Theupoli.

2044 4335 2131 4394 At
2157 4334 2284 4396 hoc
2306 4334 2567 4398 demum
2601 4355 2772 4399 anno
2793 4333 3133 4399 Tiberium
3163 4335 3403 4403 dietum

1920 4435 2096 4498 IMP.
2157 4435 2345 4511 Vnt,
2414 4436 2660 4500 evincit
2723 4439 3122 4523 epigramma
3190 4443 3407 4536 pontis

1922 4534 2385 4614 Ariminensis,
2461 4538 2529 4598 in
2589 4559 2719 4621 quo
2780 4540 2836 4604 is
2897 4541 3138 4608 dieitur
3180 4545 3409 4612 TRIB.

1730 4748 1797 4826 ¹c)
1838 4743 2009 4802 Num.
2046 4739 2272 4802 Tdberii
2303 4740 2424 4801 tab-
2443 4739 2604 4804 vlu.
2633 4762 2696 4802 n.
2719 4758 2765 4805 1.
