4509 5584
1036 620 1178 693 ‘132

1028 779 1119 843 ris
1154 778 1231 843 P.
1259 777 1328 838 S.
1366 776 1431 837 S.
1470 774 1541 838 C.
1588 774 1823 841 Varios
1852 772 1974 838 hos
2013 796 2245 840 numos
2283 776 2526 840 descri-

1028 881 1129 966 psi
1158 877 1463 943 adcurate
1493 876 1559 938 in
1588 889 1848 940 moneta
1867 877 2300 963 Carthaginis,
2332 903 2520 967 quam

1021 1100 1257 1148 unere·
1309 1176 1486 1249 mr.
1519 1185 1887 1252 CAESAR.
1939 1187 2155 1270 Caput
2190 1188 2462 1251 nudum.

1024 1292 1074 1354 1.
1112 1289 1189 1351 S.
1234 1288 1312 1351 P.
1354 1288 1439 1351 D.
1482 1287 1566 1352 V.
1606 1287 1674 1352 S.
1709 1288 1784 1354 P.
1830 1289 2065 1356 IIVIR.
2106 1288 2182 1353 C.
2227 1291 2280 1350 1.
2325 1290 2398 1352 C.
2441 1291 2522 1357 P.

1017 1395 1093 1453 in
1134 1391 1381 1453 medio:
1432 1389 1508 1451 P.
1543 1390 1619 1456 P.
1652 1390 1738 1454 D.
1770 1390 1856 1457 D.
1916 1391 2061 1458 ΔΕ.
2092 1392 2176 1455 11.
2220 1390 2523 1475 (Morelli

1019 1488 1215 1574 ibid.)

1148 1590 1412 1656 Similes
1468 1582 1722 1655 'numos
1794 1594 2173 1679 complures
2246 1593 2523 1661 recitavi

1015 1697 1177 1760 item
1209 1695 1280 1757 in
1312 1706 1574 1759 moneta
1605 1693 2048 1780 Carthaginis,
2099 1694 2169 1759 in
2205 1717 2333 1784 qua
2366 1717 2522 1767 con-

1016 1797 1300 1881 iecturas
1340 1817 1518 1860 meas
1552 1798 1888 1882 proposui.

1303 1898 1672 1963 CAESAR.
1726 1899 2221 1972 AVGVSTVS.
2303 1907 2520 1992 Caput

1305 2005 1576 2065 nudum.

968 2101 980 2112 ‘
1019 2102 1107 2197 Q.
1120 2103 1599 2168 TERENTIO.
1617 2105 2120 2174 CVLLEONE.
2136 2106 2516 2178 PROCOS.

1025 2213 1243 2289 Caput
1280 2208 1632 2290 Apollinis
1672 2209 2071 2273 laureatum.
2133 2212 2277 2277 ΑΕ.
2314 2214 2394 2277 11.

1146 2304 1357 2385 Vide,
1410 2329 1576 2394 qnae
1625 2308 1709 2374 de
1764 2310 1895 2376 hoc
1946 2333 2146 2377 numo
2194 2312 2521 2400 disputavi

1019 2412 1085 2471 in
1126 2409 1367 2475 familia
1404 2413 1740 2477 Terentia.

1298 2512 1796 2582 AVGVSTVS.
1857 2515 2068 2584 mv1.
2126 2520 2207 2585 F.
2302 2520 2512 2602 Caput

1299 2615 1698 2680 laureatum.

1017 2717 1092 2783 C.
1124 2716 1330 2785 VAR.
1365 2717 1568 2784 RVF.
1609 2717 1801 2782 SEX·
1832 2718 2007 2787 IVL.
2039 2719 2244 2788 POL.
2278 2716 2514 2791 HVIR.

1018 2816 1106 2912 Q.
1181 2819 1638 2885 Instrumenta
1708 2821 2152 2908 pontificalia.
2232 2822 2380 2889 ΔΕ.
2432 2826 2512 2889 11.

898 2902 907 2907 ’
1017 2921 1321 3004 (moreni
1367 2922 1493 2986 tab.
1526 2924 1856 3007 xxxm.)

1144 3024 1424 3109 Conjicit
1452 3025 1825 3104 Florezius,
1857 3027 2031 3092 hunc
2059 3048 2329 3092 numum
2360 3028 2515 3093 Car-

1016 3126 1268 3212 thagini
1301 3128 1526 3193 Novae
1570 3126 1988 3194 tribuendum
2019 3129 2102 3212 ⁸).

1300 3230 1506 3300 AVG.
1558 3231 1775 3315 Caput
1810 3233 2118 3314 Augusti
2154 3233 2426 3294 nudum.

1022 3329 1314 3395 Gelonus
1355 3353 1578 3394 orans.
1625 3331 1762 3393 ΔΕ.
1798 3334 1910 3398 ῙΠ.
1954 3334 2154 3414 (Mus.
2188 3332 2408 3415 Caes.)

1299 3432 1478 3499 IMP.
1560 3433 1926 3498 CAESAR.
2007 3432 2507 3503 AVGVTSVS.

1311 3535 1527 3616 Caput
1568 3537 1837 3599 nudum.

1016 3634 1218 3700 Cot..
1255 3635 1427 3701 tvl..
1472 3638 1544 3697 ἰη
1584 3635 1747 3697 aliis
1782 3637 2012 3698 addito
2048 3635 2257 3704 AVG.
2324 3637 2512 3701 Colo-

1017 3759 1144 3800 nus
1181 3756 1402 3800 arans.
1446 3736 1588 3800 ΑΕ.
1622 3737 1731 3797 111.
1773 3739 1975 3821 (Mus.
2006 3737 2224 3820 Caes.)

1141 3838 1285 3899 Hos
1324 3858 1555 3901 numos
1595 3836 1808 3904 videri
1841 3837 2225 3902 tribuendos
2262 3840 2510 3925 Beryto

1015 3939 1423 4019 Phoenices,
1479 3940 1619 4003 dixi
1657 3939 1728 4002 in
1772 3953 2033 4005 moneta
2084 3941 2279 4027 hujus
2329 3944 2512 4009 colo-

1017 4063 1184 4106 mac.

1414 4228 1630 4294 Numi
1666 4231 1916 4294 incerti
1956 4230 2107 4296 alit.

1139 4348 1389 4411 Numos
1446 4349 1831 4435 inscriptos:
1916 4349 1984 4411 S.
2046 4349 2310 4416 CATO.
2365 4352 2507 4419 PR.

1016 4447 1124 4513 vel
1154 4449 1440 4517 PALIR.
1476 4453 1648 4527 PR„
1688 4472 1763 4515 ac
1801 4451 2050 4515 similes
2081 4451 2400 4538 descripsi
2438 4454 2509 4517 in

1014 4550 1227 4613 numia
1299 4553 1730 4634 Cyrenaicae,
1813 4575 2124 4639 quorsum
2199 4556 2509 4623 videntur

1014 4652 1373 4736 pertinere.

1088 4862 1150 4929 a)
1194 4855 1430 4914 Medon.
1464 4858 1537 4914 de
1558 4858 1707 4937 'Es-p.
1738 4860 1900 4919 T.11.
1932 4865 2057 4928 652.

2251 604 2930 682 Avas'rvs,·

2766 776 3051 863 Nemes,
3095 775 3165 837 in
3208 790 3484 862 qnorum
3530 794 3761 843 aversa
3803 789 3907 840 est
3947 778 4020 840 C.
4053 776 4134 841 A.

2638 875 2808 942 intra
2862 878 3150 942 lauream
3170 923 3189 955 ,
3274 890 3423 942 ante
3484 876 3918 942 Pellerinium
3978 880 4141 942 Cae-

882 1026 891 1035 ·
1026 978 1176 1046 vide
1196 1028 1215 1060 ,
1260 980 1385 1044 etsi
1428 993 1682 1045 certum
1719 1000 1853 1044 non
1887 982 2008 1059 sit,
2053 1000 2172 1047 eos
2212 982 2344 1048 huc
2375 1003 2527 1069 per-
2640 992 3055 1064 sai-augustae
3113 978 3467 1063 Hispaniae
3522 980 3842 1059 tributos,
3899 978 4139 1044 recita·

2637 1093 2743 1147 tos
2799 1078 2952 1149 vide
3007 1082 3078 1144 in
3129 1082 3446 1148 Caesarea
3499 1081 3785 1149 Paniade
3844 1083 4136 1148 Tracho-
4209 1158 4222 1165 ,

2637 1181 2882 1252 nitidis.

3170 1388 3220 1450 Ι
3223 1409 3268 1449 ιι
3285 1390 3333 1451 d
3343 1389 3373 1450 ἰ
3389 1407 3426 1449 c
3440 1390 3471 1452 ἰ
3485 1409 3529 1450 u
3550 1408 3616 1451 m

2632 1507 2716 1571 de
2765 1511 2980 1572 variis
3027 1507 3340 1591 Augusti
3387 1509 3639 1586 numis,
3695 1509 3917 1573 sintne
3965 1528 4142 1573 com-

2838 1629 3045 1691 matis
3077 1627 3373 1692 Romam·
3381 1670 3402 1706 ,
3445 1647 3535 1691 an
3564 1629 3927 1712 peregrini.

2760 1793 3079 1865 Videmus
3135 1793 3375 1881 passim
3432 1792 3514 1858 ab
3578 1795 3957 1883 antiquariis
4011 1817 4133 1861 nn·

2632 1917 2777 1961 mos
2831 1897 3187 1984 plerosque
3244 1896 3455 1964 omnis
3507 1897 3791 1975 metalli,
3855 1897 3969 1985 qui
4008 1897 4134 1960 im·

2631 1999 2957 2083 peratoris
3001 2012 3194 2083 caput
3236 1999 3588 2077 exhibent,
3651 1998 3850 2064 modo
3892 1999 4129 2065 Latine

2632 2100 2935 2186 inscripti
3006 2103 3168 2180 sint,
3246 2115 3356 2165 aut
3415 2101 3717 2166 coloniae
3785 2099 4132 2177 indicium,

2631 2203 3133 2288 proconsulisve
3178 2204 3581 2268 mentionem
3631 2225 3767 2268 non
3815 2200 4134 2280 offerant,

2631 2308 2993 2370 Romanam
3035 2320 3397 2386 monetam,
3461 2327 3580 2372 seu
3633 2305 3701 2369 in
3757 2304 3926 2369 urbe
3979 2324 4134 2389 per-

2632 2428 2886 2473 cussam
2961 2409 3343 2477 existimari.
3439 2409 3589 2473 Alia
3667 2407 3831 2472 mihi
3905 2426 4130 2482 mens,

2631 2509 2740 2574 cui
2791 2510 2990 2595 plane
3039 2532 3424 2596 persuasum
3484 2523 3621 2590 est,
3675 2531 3972 2596 magnam
4016 2528 4131 2573 eo-

2627 2632 2779 2676 rnm
2836 2625 3094 2698 partem
3148 2613 3503 2698 provinciis
3561 2606 3809 2678 exteris
3863 2611 4129 2677 deberi.

2631 2715 2798 2778 Cum
2842 2715 2925 2778 de
2971 2715 3207 2779 horum
3254 2715 3700 2801 compluribus
3755 2710 3932 2778 istud
3985 2731 4132 2776 cer-

2628 2830 2766 2880 tum
2801 2818 2919 2895 sit,
2969 2838 3091 2881 cur
3124 2838 3260 2881 non
3303 2817 3480 2882 idem
3521 2810 3783 2902 qu'oque
3814 2814 4132 2900 judicium

2627 2918 2795 2984 ferri
2836 2919 3047 3004 possit
3089 2919 3172 2984 de
3218 2920 3362 2983 aliis
3408 2934 3581 2997 tum,
3647 2939 3797 2982 cum
3849 2902 4131 2993 fabrica,

2627 3023 3000 3099 metallum,
3078 3021 3423 3099 volumen,
3497 3021 3796 3106 aliaeque
3859 3018 4133 3105 perista-

2623 3145 2735 3188 ses
2793 3124 2936 3207 ejus
2994 3124 3196 3188 fidem
3249 3125 3543 3199 faciunt?
3603 3126 3773 3186 Rem
3816 3142 3949 3185 uno
3991 3135 4134 3185 tan-

2625 3240 2770 3290 tum·
2807 3240 2881 3289 ut
2924 3226 3230 3311 exemplo
3275 3224 3698 3302 confirmem,
3763 3244 3931 3309 quae
3983 3244 4134 3288 cau·

2623 3351 2696 3392 sa
2757 3328 2954 3393 suasit
3011 3328 3425 3414 antiquariis,
3486 3340 3558 3391 ut
3613 3348 3847 3392 numos
3907 3327 4131 3411 Angu-

2627 3431 2743 3510 sti,
2782 3432 3224 3517 aliorumque,
3260 3432 3327 3492 in
3363 3450 3640 3516 quorum
3674 3451 3909 3496 aversa
3950 3449 4137 3492 com-

2626 3548 2813 3619 paret
2858 3534 2927 3599 S.
2975 3535 3049 3601 C.
3110 3552 3393 3597 coronae
3448 3553 3779 3616 quernae,
3836 3530 3948 3597 vel
3992 3529 4130 3594 lan-

2623 3654 2779 3699 reae
2819 3634 3178 3714 inclusum,
3231 3657 3378 3700 esse
3423 3636 3489 3698 in
3535 3635 3723 3719 Syria
3765 3655 3959 3699 cusos
4001 3646 4132 3697 sta·

2624 3737 2935 3800 tuerent?
3002 3738 3175 3802 Sane
3218 3753 3372 3803 nota
3417 3738 3486 3805 S.
3534 3741 3607 3804 C.
3655 3737 3969 3801 suadebat
4007 3755 4132 3821 po-

2623 3838 2792 3917 tius,
2862 3860 2978 3903 eos
3018 3840 3376 3904 Romanam
3423 3840 3750 3904 monetam
3795 3837 4123 3925 profiteri.

2627 3944 2877 4003 Tamen
2931 3941 3112 4027 qaod
3174 3943 3421 4007 fabrica
3477 3956 3698 4008 essent
3751 3964 3788 4005 a
3829 3942 4123 4003 Romana

2625 4045 2903 4107 multum
2966 4042 3257 4124 diversa,
3331 4060 3742 4131 compertam
3808 4056 3941 4121 est,
4003 4062 4123 4105 eos

2626 4158 2894 4210 exterae
2952 4147 3214 4232 regioni
3275 4147 3678 4211 tribuendos.
3774 4143 3970 4241 Quod
4037 4143 4122 4206 ad

2623 4247 2974 4312 ferendum
3019 4248 3102 4313 de
3146 4250 3246 4314 his
3281 4252 3496 4314 numia
3534 4248 3848 4333 judicium
3888 4246 4122 4322 valuit,

2624 4351 2849 4417 valere
2903 4352 3096 4415 etiam
3143 4352 3223 4416 ad
3267 4353 3429 4416 alies
3473 4353 3724 4416 debere
3768 4369 3966 4412 nemo
4011 4366 4126 4411 ne-

2626 4453 2914 4539 gaverit,
2974 4455 3233 4542 quando
3291 4455 3359 4517 in
3412 4456 3493 4518 iis
3550 4454 3817 4530 eadem,
3874 4465 3986 4515 aut
4040 4449 4127 4512 si-

2624 4557 2798 4620 milis
2852 4557 3023 4621 ratio
3082 4556 3623 4642 deprehenditur.
3695 4557 4120 4640 Nequaquam
4177 4604 4190 4609 -

2622 4679 2908 4736 vereor,
2983 4681 3070 4725 ne
3143 4680 3259 4739 ea,
3336 4681 3501 4747 quae
3576 4660 3683 4724 hic
3761 4658 4121 4751 disseram,
