4509 5584
1059 565 1215 644 560*

1064 729 1275 791 irater
1319 724 1718 790 Geras-ianus
1752 745 1903 788 eam-
1939 725 2150 789 adhuc
2195 747 2564 810 praegnan-

1069 843 1203 893 tem
1256 849 1400 891 cum
1451 830 1544 892 M.
1591 828 1877 906 Antonio
1946 828 2274 912 copulavit
2336 844 2555 914 postu-

1068 929 1347 994 lantibus
1400 927 1575 991 istud
1624 927 1817 994 bonis
1865 931 2195 1007 omnibus,
2263 953 2394 1015 quo
2444 930 2553 993 fir·-

1068 1035 1233 1103 mius
1270 1049 1445 1098 esset
1478 1035 1651 1097 inter
1684 1050 2031 1117 utrumque
2069 1032 2369 1096 Illvirum
2415 1054 2554 1095 sae·

1064 1156 1149 1220 pe
1200 1135 1621 1199 dissidentem
1671 1135 1846 1218 pacis
1896 1133 2223 1198 vinculum
2270 1139 2347 1215 θ).
2424 1136 2555 1197 Re-

1066 1258 1222 1301 vera
1281 1252 1455 1301 ortas
1511 1237 1795 1299 triennio
1854 1250 2002 1319 post
2060 1236 2208 1299 lites
2265 1235 2554 1299 feliciter

1067 1342 1465 1422 composuit,
1553 1338 1986 1421 maritumque
2064 1337 2155 1428 in·
2206 1337 2555 1400 Orientem

1066 1441 1364 1505 comitata
1424 1453 1563 1518 est,
1639 1438 1750 1523 qui
1803 1452 2017 1501 tamen
2075 1436 2143 1498 in
2202 1440 2555 1520 Corcyram

1063 1543 1369 1628 appulsus
1411 1543 1480 1603 in
1518 1538 2038 1606 Italiam‚redire
2099 1539 2279 1602 illam
2330 1539 2554 1622 jussit,

1059 1667 1185 1730 per
1226 1665 1522 1719 causam,
1572 1662 1662 1704 ne
1704 1640 2150 1725 periculorum
2193 1639 2358 1703 belli
2400 1642 2556 1705 Par·

1058 1747 1221 1811 thici
1249 1767 1519 1810 consors
1553 1757 1728 1807 esset
1755 1740 1843 1824 ¹²).
1892 1739 2181 1804 Subinde
2214 1743 2300 1810 V.
2323 1743 2396 1808 C.
2424 1760 2562 1826 719·

1058 1852 1189 1913 iter
1229 1847 1310 1911 ad
1356 1845 1655 1908 maritum
1699 1844 2029 1927 ingressa,
2075 1844 2192 1907 sed
2229 1844 2309 1908 ab
2348 1844 2556 1907 Anto-

1058 1950 1170 2012 nio
1211 1961 1483 2031 accepto
1524 1948 1664 2029 ejus
1703 1945 2023 2030 propositi
2069 1935 2310 2010 nuncio
2349 1944 2554 2009 subsi-

1059 2066 1238 2115 stere
1283 2048 1559 2112 Athenis
1602 2049 1773 2131 jussa
1817 2060 1949 2124 est,
1995 2045 2345 2130 Cleopatra
2387 2045 2553 2108 nihil

1059 2170 1192 2214 non
1235 2163 1503 2235 agente,
1561 2163 1632 2211 ut
1673 2170 1816 2211 eam
1850 2149 1931 2212 ab
1967 2148 2235 2211 Antonii
2279 2168 2556 2232 conspe-

1059 2267 1171 2317 ctu
1214 2264 1473 2316 arceret
1512 2253 1593 2331 ο).
1656 2252 1820 2314 Nam
1866 2249 2202 2313 Octaviam
2230 2250 2341 2322 ,sic
2385 2271 2554 2313 ama·

1061 2368 1247 2420 verat
1303 2351 1663 2428 Antonius,
1731 2366 1804 2414 ut
1859 2365 2077 2415 tamen
2135 2353 2552 2436 Cleopatram

1061 2454 1452 2538 praeferret.
1518 2450 1740 2545 Quare
1778 2454 2052 2516 Romam
2096 2455 2554 2538 regressaha·

1057 2556 1284 2619 bitavit
1346 2554 1416 2615 in
1474 2552 1688 2615 mariti
1748 2553 1946 2618 domo
2006 2553 2359 2618 educandis
2419 2557 2553 2618 suis

1058 2680 1207 2723 cum
1253 2678 1338 2721 ex
1379 2654 1740 2732 Marcello,
1801 2669 1938 2718 tum
1981 2657 2273 2720 Antonio
2324 2656 2554 2721 liberis

1059 2759 1293 2825 sedulo
1351 2758 1636 2832 intenta,
1699 2753 1909 2822 donec
1954 2759 2037 2826 V.
2073 2758 2143 2824 C.
2187 2776 2312 2840 72⁴2
2370 2778 2558 2843 aper·

1046 2877 1132 2953 ιιιι
1190 2861 1317 2945 jam
1371 2859 1547 2921 inter
1606 2869 1954 2944 utrumque
2010 2859 2315 2923 Illvirum
2371 2860 2553 2927 bello

1056 2961 1211 3027 inde
1255 2982 1380 3046 per
1420 2961 1551 3025 vim
1600 2972 1898 3036 extrusa,
1953 2981 2028 3025 ac
2070 2960 2411 3045 repudiata
2454 2983 2557 3027 es·

1061 3080 1179 3129 set.
1263 3063 1600 3144 Deinceps
1667 3083 1705 3124 a
1763 3060 1969 3126 fratre
2031 3060 2374 3149 Augusto,
2448 3063 2552 3128 cui

1060 3177 1336 3251 propter
1377 3160 1787 3247 prudentiam
1840 3183 1917 3228 ac
1967 3184 2227 3228 morum
2287 3164 2559 3247 integri-

1063 3280 1262 3330 tatem
1310 3266 1507 3329 chara
1552 3263 1929 3347 comprimis
1977 3264 2135 3341 suit,
2192 3264 2561 3331 liberaliter

1066 3367 1282 3438 hahita
1337 3379 1619 3430 mortem
1681 3365 1946 3430 demum
2001 3367 2280 3451 oppetiit
2334 3387 2563 3432 secuu-

2331 553 2889 635 OCTAVIA.

2668 728 2821 791 dum
2856 727 3142 792 Dionem
3173 729 3257 797 V.
3288 728 3364 797 C.
3385 729 3561 812 ⁷743,
3606 727 3974 793 seeundum.
3997 730 4158 793 Sue·

2669 832 2950 908 tonium,
3010 844 3084 894 ut
3113 852 3198 895 ex
3233 833 3372 915 ejus
3416 831 3635 896 verbis
3686 831 4022 915 colligitur
4053 813 4188 913 1³¹),¹

2666 954 2834 995 anno
2863 946 3200 1018 sequente.
3257 934 3418 1017 Ejus
3441 933 3734 1019 insignes
3757 935 4029 997 virtutes
4055 933 4153 995 lu·-

2667 1035 2928 1098 culente
2971 1035 3304 1119 praedicat
3336 1035 3729 1100 Plutarchus
3759 1036 3827 1098 in
3857 1035 3986 1099 vita
4024 1035 4159 1096 An-

2667 1138 2832 1199 tonii
2880 1138 3077 1203 variis
3143 1136 3344 1215 locis,
3403 1137 3755 1224 praecipue
3809 1158 3956 1201 cum
4012 1155 4156 1198 eam
4199 1191 4202 1194 .

2668 1258 2881 1322 χρημα
2924 1240 3238 1321 Sanpeus-o»
3285 1261 3566 1322 Ὑυνειικος
3585 1281 3602 1314 ,
3657 1239 3998 1302 mulierem
4049 1239 4166 1300 atl-
4205 1247 4210 1252 '

2672 1341 3042 1404 mirabilem
3078 1340 3364 1425 appellat
3406 1342 3505 1423 e),
3551 1355 3624 1406 et
3657 1326 3920 1404 Seneca*
3947 1336 4031 1423 f).

2800 1541 3033 1605 Proles
3063 1563 3153 1606 ex
3190 1545 3547 1609 Marcello.

2798 1642 2854 1707 Ι.
2935 1643 3044 1708 Μ.
3071 1645 3476 1725 Marcellus,
3504 1643 3596 1710 de·
3624 1665 3755 1729 quo
3773 1665 3958 1709 mox.

2794 1744 2877 1810 11.
2954 1747 3286 1812 Marcella
3344 1749 3596 1826 major,
3661 1748 3844 1829 cujus
3897 1768 4012 1811 res
4067 1747 4163 1808 in-

2669 1857 2914 1910 certae.

2797 1948 2906 2009 111.
2996 1925 3342 2012 Marcelle
3404 1952 3640 2014 minor.
3723 1951 3820 2014 Ea
3880 1948 4161 2034 primum

2623 2125 2634 2134 η
2667 2045 3000 2132 Agrippae
3032 2048 3284 2134 nupsit,
3323 2069 3553 2114 verum
3582 2064 3843 2115 mortuo
3884 2051 4164 2115 Marcel·

2665 2146 2737 2211 lo
2784 2148 3114 2234 Augustus
3162 2151 3614 2215 consentiente
3660 2151 3930 2215 Octavia
3974 2150 4164 2231 iussit

2666 2249 3025 2337 Agrippam
3065 2252 3418 2337 repudiare
3457 2254 3838 2317 Marcellam
3861 2298 3878 2331 ,
3931 2251 4161 2316 filiam·

2668 2373 2796 2438 que
2854 2345 3312 2418 suam⁸1uliam
3364 2355 3668 2419 Marcelli
3723 2354 3980 2420 viduam
4034 2353 4160 2417 sibi

2668 2453 2944 2523 sociare.
3001 2457 3321 2520 Marcella
3363 2455 3648 2521 subinde
3680 2457 3826 2519 Iulo
3869 2456 4170 2521 Antonio·

2662 2556 2893 2640 nuptui
2932 2556 3076 2622 data
3111 2571 3213 2622 est
3243 2559 3330 2641 Β).

2683 2809 2693 2821 ,
2799 2759 2914 2825 Ex
2948 2761 3054 2827 M.
3094 2761 3425 2823 Αηεοηίο.

2797 2863 2847 2927 Ι.
2897 2862 3209 2925 Antonia
3247 2861 3490 2937 maior,
3527 2872 3727 2944 nupta
3751 2861 3839 2928 L.
3870 2861 4166 2928 Domitio

2669 2960 3112 3026 Ahenobarbo
3144 2959 3429 3024 Neronis
3464 2981 3608 3026 avo.
4133 3017 4142 3028 ,

2798 3066 2882 3129 ῙῙ.
2933 3064 3244 3127 Antonia
3284 3065 3536 3137 minor,
3568 3075 3767 3146 nupta
3801 3064 4022 3129 Druso
4054 3064 4171 3128 Li·

2674 3164 2822 3230 viae
2871 3164 3031 3228 filio.
3112 3162 3323 3256 Quam
3367 3163 3691 3228 minorem
3742 3164 3858 3228 alii
3899 3178 4171 3239 vocant,

2678 3267 2907 3331 Tacito
2940 3265 3180 3331 dicitur
3209 3263 3451 3346 major,
3497 3279 3570 3330 ut
3603 3266 3862 3331 dicetur
3891 3266 4067 3332 infra
4102 3268 4171 3330 in
4291 3274 4310 3280 “

2678 3367 2894 3432 numis
2931 3367 3252 3432 A'ntouiae
3289 3368 3515 3432 Drusi.

1071 3597 4140 3651 ——-—--———--——--.L-.-—'..—-—-.———-—-———-—-——-

1143 3887 1207 3954 a>
1244 3885 1499 3960 Appiam.
1518 3841 1582 3942 s.
1604 3844 1844 3944 css1..v.
1877 3901 1929 3943 c.
1946 3885 2037 3948 σα.
2079 3883 2193 3940 mo
2216 3881 2563 3942 L.xLV111.
2596 3885 2644 3955 §-
2664 3895 2757 3949 ω.
2795 3882 2944 3940 mm.
2975 3884 3038 3938 in
3065 3884 3204 3939 Am„
3232 3900 3290 3958 p.
3311 3890 3440 3954 9⁴29·

2261 3975 2323 4046 c)
2362 3971 2516 4031 Plut.
2544 3971 2583 4029 1.
2604 3991 2655 4030 c.
2685 3991 2747 4049 p.
2766 3981 2893 4046 940.

1069 3979 1119 4046 θ.
1141 3984 1228 4037 54.
1267 3973 1621 4050 Appiam-13.
1654 3974 1723 4032 C.
1750 3974 1816 4033 L.
1836 3973 1909 4035 V.
1938 3993 1987 4031 c.
2009 3985 2099 4047 95.

1070 4076 1307 4214 lliffig'L.
1326 4155 1403 4216 Π.
1436 4164 1595 4227 c.93.
1636 4151 1797 4212 Suet.
1825 4152 1885 4210 in
1911 4154 2063 4230 Aug.
2103 4171 2156 4210 c.
2179 4157 2269 4220 65.

1420 4064 1479 4133 f)
1521 4062 1760 4122 Consol.
1792 4062 1871 4121 ad
1897 4063 2180 4121 Marciam
2213 4082 2268 4121 c.
2287 4076 2341 4126 2.
2374 4074 2435 4122 et
2465 4061 2544 4119 ad
2575 4061 2892 4139 Polybium
2925 4081 2976 4121 c.
3000 4070 3094 4127 34.

3590 3881 3662 3954 b)
3691 3883 3806 3939 Dio
3832 3884 3898 3943 L.
3912 3835 4173 3943 val11.

3055 3970 3126 4044 d)
3163 3968 3225 4027 in
3250 3973 3401 4045 Aug.
3433 3988 3485 4028 c.
3505 3971 3595 4032 61.
3758 3973 3822 4043 e)
3860 3974 3920 4028 in
3954 3971 4173 4030 Auton.

3242 4061 3308 4136 g)
3348 4057 3501 4117 Plut.
3528 4059 3588 4116 in
3617 4061 3757 4121 Ant.
3783 4080 3844 4138 p.
3863 4072 3989 4136 955.
4031 4062 4167 4122 Vel·

1210 4345 1312 4403 hic
1342 4341 1654 4404 Marcellus
1693 4359 1727 4397 a
1764 4342 1954 4399 Dione
1987 4340 2210 4400 dicitur
2232 4339 2344 4401 11'11.
2373 4340 2643 4399 Caesaris
2681 4361 2792 4417 per
2815 4341 3054 4412 nuptias
3083 4339 3322 4416 affinis,
3363 4329 3433 4412 ἐξ
3463 4328 3804 4420 ἶπιογαμιας
3832 4349 4174 4414 «conquest,

1212 4435 1449 4507 (t..xL.·
1479 4434 1670 4510 §.59.)
1711 4431 1813 4509 qui
1861 4441 2065 4491 temen
2107 4450 2238 4490 eam
2288 4433 2654 4491 adfinitatem
2689 4432 2966 4490 obtinere
2999 4447 3122 4485 non
3157 4438 3393 4505 poterat
3433 4428 3610 4488 ducta
3649 4431 3901 4490 Octavia
3941 4430 4176 4488 Ancha-

1212 4525 1368 4591 riae,
1408 4542 1558 4600 quae
1595 4520 1676 4577 ad
1714 4520 1991 4579 Caesarie
2021 4521 2264 4582 domum
2297 4544 2420 4582 non
2455 4522 2770 4600 pertinuit,
2809 4520 2917 4579 sed
2945 4518 3137 4575 altera
3174 4516 3363 4576 Atiae.
3419 4520 3732 4579 Consentit
3768 4520 4027 4598 denique
4066 4523 4176 4577 Ta·

1216 4612 1363 4670 citus
1401 4629 1674 4689 quoque,
1727 4610 1827 4688 qui
1862 4612 2188 4670 Domitium
2229 4612 2700 4673 Ahenobarbum
2736 4610 3101 4689 Agrippinae
3142 4607 3266 4682 jun.
3311 4612 3582 4672 maritmn
3613 4613 4010 4686 propinquum
4042 4616 4181 4671 Cae·

1215 4701 1442 4758 mribus
1478 4702 1818 4777 sanguinem
1860 4712 2064 4771 vocat,
2118 4723 2258 4760 nam
2292 4706 2347 4759 is
2391 4707 2584 4761 aviam
2636 4705 2939 4761 octaviam
2976 4702 3359 4778 praeferebat.
3425 4701 3665 4777 (Annal.
3694 4702 3796 4765 IV.
3820 4704 3941 4775 7⁵.)
3995 4702 4176 4780 Atqui

1207 4792 1467 4851 Octavia
1493 4790 1760 4863 Octavii,
1808 4803 1865 4852 et
1889 4793 2223 4854 Ancharius
2258 4792 2380 4855 filia
2409 4794 2732 4856 Caesarum
2765 4798 3002 4874 sanguis
3035 4799 3155 4860 dici
3180 4819 3302 4863 non
3326 4796 3540 4874 potuit.
3609 4838 3623 4851 .
3947 4816 3957 4826 ·
