4509 5584
1635 534 2282 654 camena„

398 722 467 771 te
524 726 716 772 cusos
782 719 1133 793 argenteos
1179 703 1444 770 maximi
1484 704 1739 770 moduli
1782 729 1902 772 nu·

398 828 541 871 mos
573 829 722 872 cum
749 810 1083 873 mentione
1107 808 1544 885 Cretensium,
1577 801 1897 873 autetiam

396 909 578 973 urbis
640 912 943 975 Creticae
1001 910 1349 987 habemus,
1423 923 1491 973 et
1550 910 1617 971 in
1663 910 1899 996 quibus

396 1024 698 1075 constans
731 1025 920 1096 typus
954 1026 1053 1075 est
1085 1013 1451 1095 Augustus,
1506 1025 1573 1075 et
1604 1013 1897 1096 Iuppiter

394 1112 801 1198 Cretagenes
827 1159 845 1191 ,
879 1112 1381 1200 quos-recensui
1410 1114 1480 1174 in
1509 1114 1745 1177 Cretae
1766 1127 1897 1178 ‘nu-

394 1215 551 1293 mis,
616 1236 754 1301 quo
809 1215 961 1279 loeo
1013 1214 1329 1300 proposui
1385 1214 1585 1280 etiam
1612 1238 1899 1281 .numum

401 1317 579 1378 Iovis
620 1318 1009 1400 Cretagenis
1055 1317 1483 1400 inscriptione
1537 1318 1893 1404 insignem,

395 1417 508 1501 qui
545 1430 801 1502 septem
849 1416 1039 1481 astris
1079 1418 1380 1481 ambitur.
1451 1419 1659 1482 Forte
1693 1421 1893 1484 iidem

395 1518 779 1597 Cretenses,
842 1519 1075 1607 quibus
1107 1520 1443 1584 constabat
1478 1518 1561 1581 de
1607 1520 1893 1600 Tiberii,

394 1633 462 1686 et
494 1620 832 1706 Caligulae
863 1622 933 1683 in
964 1624 1334 1706 Angustum
1376 1623 1639 1690 adfectu
1661 1670 1678 1703 ,
1720 1648 1896 1691 mor·

390 1733 575 1783 tunm
631 1722 808 1785 hunc
864 1724 1210 1786 Caesarem
1267 1744 1393 1807 per
1450 1726 1887 1794 adulationem

392 1822 535 1885 Iovi
591 1843 711 1885 suo
775 1823 1159 1907 Cretageni,
1221 1826 1363 1910 ejus
1416 1825 1519 1888 illi
1576 1815 1891 1895 attributa

390 1924 767 2006 largiendo,
812 1925 1289 1995 adsimilavere.
1377 1927 1643 1994 Similes
1687 1932 1884 1996 etiam

394 2038 647 2090 exstant
672 2046 821 2090 cum
858 2028 1070 2110 capite
1109 2025 1392 2092 Claudii.

1116 2127 1156 2164 ὅ

908 2174 951 2214 ᾖ
1324 2173 1367 2211 O

523 2230 592 2290 V
587 2227 805 2290 rhium
836 2230 1279 2292 coloniarum.

519 2328 888 2412 Imperante
929 2330 1223 2413 Caligula
1280 2328 1540 2418 dempta
1569 2333 1889 2400 Corintho

394 2440 460 2492 et
493 2428 739 2511 Sinope
785 2429 1084 2495 coloniae
1134 2452 1368 2496 numos
1403 2434 1542 2498 sela
1575 2437 1890 2518 Hispania

391 2528 663 2606 sufficit,
706 2529 825 2591 sed
856 2532 1018 2595 baec
1058 2533 1205 2615 ipsa
1227 2530 1353 2597 hoc
1389 2535 1753 2619 imperante
1783 2538 1888 2621 jns

391 2631 821 2694 monetarium
869 2633 1141 2716 penitus·
1173 2635 1422 2713 amisit,
1490 2638 1582 2701 sic
1632 2652 1703 2701 ut
1744 2639 1895 2721 ejus

388 2734 682 2817 regionis
730 2734 1071 2799 universae
1110 2737 1290 2798 numi
1322 2738 1527 2800 ultimi
1568 2738 1699 2802 sint
1738 2761 1885 2804 cum

391 2837 601 2918 capite
647 2834 1018 2918 Caligulae,
1081 2837 1264 2921 cujus
1323 2857 1582 2901 causam
1642 2840 1709 2902 in
1772 2863 1889 2904 nu-

392 2936 515 2998 mis
573 2935 923 3019 Hispaniae
982 2937 1197 3001 rimati
1256 2961 1496 3006 sumna.
1605 2940 1888 3008 Videtur

389 3037 565 3101 istud
600 3037 913 3103 accidisse
945 3038 1175 3101 saltem
1208 3041 1419 3105 altero
1455 3042 1595 3126 ejus
1625 3042 1888 3126 imperii

389 3161 602 3220 anno3
655 3161 803 3219 nam
843 3140 912 3201 in
971 3141 1270 3203 omnibus
1313 3143 1381 3204 id
1416 3163 1624 3227 genus
1673 3145 1887 3208 numis

389 3241 594 3304 titulis
634 3241 968 3326 Caligulae
999 3242 1257 3307 additur
1287 3245 1887 3324 GERMANICVS,

390 3364 521 3429 quo
559 3342 865 3426 epitheto
890 3343 957 3404 in
993 3346 1205 3408 numia
1239 3347 1574 3410 commatis
1605 3347 1885 3411 Romani

387 3460 615 3529 postea
680 3466 834 3507 usus
878 3445 1153 3527 amplius
1210 3469 1344 3512 non
1388 3463 1543 3529 est„
1582 3449 1664 3513 ad
1708 3450 1885 3536 quod

385 3547 797 3631 potissimum
847 3546 1046 3610 urbes
1087 3562 1354 3614 exterae
1384 3565 1686 3617 monetae
1723 3574 1883 3618 suae

386 3648 891 3733 inscriptionem
917 3650 1441 3716 conformavere.
1534 3653 1543 3662 ‘

517 3748 817 3813 Corinthi
851 3751 1030 3812 numi
1064 3751 1148 3815 ad
1168 3755 1502 3838 Caligulae
1533 3755 1882 3841 imperium

384 3852 757 3935 pertinent,
805 3854 917 3938 qui
968 3853 1208 3916 IIviros
1256 3859 1348 3920 M.
1380 3858 1671 3921 Bellium
1719 3860 1884 3922 Pro-

385 3954 647 4030 culum,
700 3965 810 4016 aut
856 3954 945 4019 P.
963 3953 1347 4037 Vipsanium
1393 3958 1752 4042 Agrippam
1787 3960 1884 4022 in-

385 4055 717 4132 scribunt,
781 4074 944 4139 quos
997 4057 1269 4120 recitavi
1316 4079 1510 4142 supra
1552 4058 1623 4121 in
1667 4061 1879 4124 numis

386 4157 707 4220 Antoniae
733 4157 970 4236 Drusi,
1024 4170 1095 4220 et
1149 4160 1261 4242 qui
1290 4182 1325 4222 a
1362 4159 1554 4225 variis
1594 4160 1882 4246 antiqua·

382 4259 501 4323 riis
536 4258 833 4343 Angusto
865 4280 1209 4343 perperam
1245 4260 1470 4324 tributi
1504 4260 1714 4324 fuere.

508 4361 633 4423 His
723 4359 1008 4424 addendi
1071 4363 1254 4426 numi
1308 4361 1606 4427 coloniae
1665 4363 1882 4428 incer·

379 4476 518 4527 laet

2837 618 2874 630 a
3370 591 3515 658 22⁷

2303 720 2376 784 C.
2403 721 2769 792 CAESAR.
2828 730 3032 800 AVG.
3086 736 3520 806 GERMANI-

2183 850 2187 854 v
2304 822 2493 890 CVS.
2559 830 2776 908 Caput
2811 835 3182 917 Caligulae.

2012 919 2614 995 GERMANICVS.
2652 929 3018 1002 CAESAR.
3064 938 3515 1018 PVLCHRO.

2014 1024 2248 1089 lIVIR.
2345 1028 2561 1108 Caput
2615 1030 3006 1102 Germanici
3046 1045 3316 1109 nudum.
3367 1049 3514 1114 AE

2012 1126 2121 1186 111.
2160 1127 2360 1208 (Mus.
2402 1128 2629 1214 Caes.)

2291 1230 2366 1289 ln
2404 1231 2571 1294 alio⁶

2012 1325 2608 1399 GERMANICVS.
2660 1333 3027 1407 CAESAR.
3065 1345 3512 1421 PVLCHRO.

2010 1430 2119 1492 111.
2157 1430 2460 1498 VARIO.
2503 1436 2739 1505 nle.
2785 1442 2985 1523 (Mus.
3032 1446 3257 1533 Caes.)

2294 1532 2367 1593 In
2396 1533 2563 1598 alio.

2008 1628 2285 1699 CER-M.
2363 1635 2730 1705 CAESAR.
2817 1640 3514 1730 DossENO.-1²VL-

2007 1731 2276 1801 CHRO.
2314 1737 2526 1808 IIVIR
2564 1740 2928 1827 (Mol-elli.)

2412 1986 2709 2054 Nomina
2745 2014 2830 2056 ac
2868 1998 3090 2063 titali.

2587 2128 2935 2198 Claudius.

2133 2238 2239 2300 En
2274 2239 2392 2304 tibi
2427 2259 2698 2309 numum
2748 2252 3079 2337 vulgatum
3121 2278 3158 2320 a
3190 2259 3276 2328 cl.
3312 2261 3520 2329 Sesti·

2007 2359 2096 2403 no
2145 2345 2242 2425 ⁸),
2289 2344 2401 2426 qui
2430 2358 2529 2408 est
2567 2347 2900 2415 Iliensium
2932 2357 3270 2422 Troadis?

2196 2435 2655 2515 TIBGPIOC.
2696 2450 3202 2525 KAATAJOC.
3246 2461 3516 2527 cena-

2199 2542 2457 2612 CTOC.
2509 2554 2728 2632 Caput
2766 2557 3040 2620 Claudia·
3068 2564 3337 2624 nudum.

2000 2635 2062 2701 Γ
2066 2637 2300 2706 AIOC
2317 2643 2821 2716 KAATAIOC.
2839 2653 3335 2727 CGBACTOC.
3348 2658 3520 2727 1A1

2009 2744 2227 2825 Caput
2267 2748 2622 2830 Caligulae
2648 2757 2918 2822 nudum.
2960 2757 3102 2824 ΑΕ.
3138 2764 3257 2824 111

2130 2845 2296 2910 Bina
2329 2850 2596 2932 reperio
2625 2852 2691 2914 in
2718 2854 2847 2924 hoc
2873 2877 3107 2938 numo,
3142 2883 3309 2948 qnae
3348 2864 3514 2930 fidei

2001 2942 2356 3012 historicae
2418 2970 2551 3014 non
2599 2954 2862 3020 leviter
2905 2959 3367 3044 adversantur,
3427 2989 3516 3033 ac

2000 3045 2282 3128 primum
2335 3051 2639 3134 quidem,
2707 3074 3084 3126 renovatam
3134 3064 3216 3129 ah
3257 3067 3520 3131 Iliensi-

2000 3145 2123 3209 bus
2184 3149 2251 3210 in
2328 3171 2756 3221 monumento
2829 3163 3095 3244 publico
3162 3168 3558 3255 Caligulae,

1998 3254 2424 3334 memoriam,
2485 3279 2673 3342 qnam
2721 3260 3061 3329 obliterari
3122 3269 3301 3333 orbis
3361 3275 3509 3336 uni·

1998 3369 2229 3417 versus
2320 3361 2751 3442 praeoptavit.
2868 3368 3101 3431 Paullo
3171 3371 3368 3455 supra
3428 3375 3506 3437 in

2001 3454 2233 3518 eadem
2278 3477 2469 3524 causa
2509 3483 2775 3524 numum
2820 3471 3159 3533 commatis
3227 3474 3311 3539 R.
3351 3496 3502 3559 per·

1997 3555 2394 3623 strinximus.
2437 3562 2741 3628 Levius
2785 3566 2977 3631 istud.
3077 3573 3344 3639 Fortius
3387 3597 3500 3642 re·

1997 3672 2242 3743 pugnat
2269 3679 2507 3724 nomen
2543 3667 2790 3748 gentile
2827 3672 3144 3737 Claudii
3124 3678 3346 3761 inique
3378 3682 3504 3744 Cae

1996 3760 2241 3845 ligulae
2283 3764 2621 3828 tributum.
2709 3771 2962 3854 Negari
3014 3778 3280 3862 nequit,
3343 3800 3501 3845 eum

1995 3882 2122 3945 per
2168 3883 2361 3930 avum
2393 3866 2683 3931 Drusum
2734 3890 2816 3934 ex
2857 3888 3057 3956 gente
3087 3879 3353 3945 Claudia
3384 3903 3504 3967 ge·

1994 3985 2117 4027 nus
2176 3963 2474 4029 duxisse
2453 4012 2476 4049 ,
2539 3990 2769 4033 verum
2825 3993 2908 4036 ex
2946 3997 3086 4060 quo
3111 3993 3300 4063 pater
3329 3981 3500 4047 Ger·

1994 4063 2296 4128 manicus
2371 4088 2409 4129 a
2453 4069 2726 4133 Tiberio
2794 4074 3073 4140 Caesare
3152 4079 3506 4165 adoptatus

1991 4165 2151 4241 fuit,
2225 4166 2282 4228 is
2327 4187 2475 4230 cum
2531 4173 2852 4254 progenie
2914 4195 3000 4238 ex
3057 4193 3257 4260 gente
3304 4184 3500 4248 Clau

1993 4264 2097 4330 dia
2146 4264 2212 4327 in
2262 4267 2492 4330 Iuliam
2547 4272 2880 4350 transivit,
2942 4296 3166 4362 neque
3210 4285 3489 4369 amplius

1999 4370 2346 4444 C',laudcus
2379 4368 2508 4430 sed,
2523 4373 2937 4439 Claudianus
2956 4376 3332 4464 diciapmuit,
3357 4408 3500 4472 quo·

1989 4465 2134 4550 ipso
2194 4468 2459 4534 nomine
2527 4491 2766 4539 revera
2808 4498 2997 4542 usum
3044 4480 3249 4550 fuisse
3294 4489 3500 4555 'ribe-

379 4635 3464 4684 Μ

454 4764 514 4833 a)
551 4759 789 4819 Lettere
817 4758 987 4818 Tom.
1011 4756 1113 4819 IV.
1139 4775 1201 4835 p·
1230 4768 1352 4819 tto.

2755 4864 2961 4930 Ffa
