4509 5584
1533 551 2349 643 DOMITIANVS.

557 724 953 791 TITVLI
1033 718 1725 789 DOMITIANI.

1006 890 1287 958 Consul..

466 1029 910 1096 Domitianum
966 1050 1136 1095 anno
1189 1030 1274 1097 V.
1318 1029 1391 1096 C.
1443 1028 1569 1104 824
1620 1049 1887 1113 proees-

383 1136 545 1203 sisse
586 1136 923 1200 consulem
958 1133 1276 1218 primum,
1330 1145 1399 1194 et
1444 1130 1708 1217 quidem
1754 1132 1885 1194 suf-

382 1236 675 1313 fectum,
714 1236 798 1300 de
841 1256 975 1321 quo
1014 1220 1354 1297 consulatu
1388 1234 1566 1298 varie
1610 1232 1690 1295 ab
1737 1254 1884 1295 eru-

382 1339 532 1403 ditis
565 1338 689 1402 fuit
722 1338 1115 1421 disputatum
1137 1320 1187 1412 ,'
1216 1356 1412 1419 supra
1452 1332 1531 1396 ad
1580 1333 1881 1418 ejusdem

380 1441 531 1506 anni
587 1459 820 1502 numos
876 1436 1320 1521 comprobavi.
1411 1438 1728 1499 Ceterum
1796 1456 1881 1513 ex

386 1541 827 1607 consulatibus
888 1558 1003 1602 sex
1022 1536 1061 1617 r*
1096 1557 1294 1623 quos,
1355 1551 1696 1622 antequam
1766 1538 1883 1600 im-

383 1643 645 1729 perium
679 1642 1046 1717 obtineret,
1099 1639 1342 1715 obivit,
1387 1639 1642 1702 nonnisi
1680 1661 1880 1702 unum

384 1744 787 1813 ordinarium
834 1744 1072 1827 gessit,
1120 1760 1402 1823 eumque
1448 1740 1764 1817 cedente,
1815 1755 1884 1805 et

383 1845 780 1928 suffragante
810 1845 1047 1923 fratre,
1076 1857 1150 1907 ut
1181 1843 1376 1905 docet
1409 1842 1764 1904 Suetonius
1795 1844 1881 1924 ι).

379 1949 535 2010 Fuit
594 1947 703 2010 hic
762 1946 931 2010 alter
990 1945 1131 2029 ejus
1191 1944 1596 2020 consulatus,
1687 1965 1883 2027 quem

380 2048 568 2113 inivit
622 2049 705 2115 V.
760 2049 835 2112 C.
892 2046 1040 2111 82⁶.
1149 2047 1359 2131 Magis
1429 2044 1598 2108 infra
1671 2046 1885 2109 refert

384 2148 739 2213 Suetonius
775 2145 881 2229 b),
948 2148 1352 2210 Consulatus
1393 2146 1625 2208 XVII.
1671 2148 1880 2227 cepit,

383 2264 546 2331 quot
577 2262 732 2312 ante
770 2266 918 2311 eum
962 2234 1150 2309 nemo
1194 2248 1436 2326 (serius
1469 2245 1881 2309 Theodosius

380 2349 602 2435 junior
638 2350 906 2414 omnino
926 2349 1336 2428 xvln.),.e.z·
1367 2349 1605 2428 quibas
1637 2361 1881 2430 septem

384 2455 635 2516 medios
670 2452 1135 2525 continuavit,
1161 2468 1386 2511 omnes
1419 2462 1641 2510 autem
1669 2469 1882 2529 paene

388 2555 594 2619 titulo
629 2567 823 2616 tenus
849 2555 1101 2634 gessit,
1130 2570 1249 2612 nee
1273 2569 1661 2627 quemquam
1696 2551 1881 2610 ultra

386 2656 724 2717 Kalendas
758 2653 957 2729 Masi,
982 2652 1216 2733 plures
1246 2652 1337 2712 ad
1363 2652 1515 2712 idus
1542 2669 1748 2728 usque
1777 2649 1884 2711 Ia·

385 2758 705 2823 nuntias..
733 2753 947 2817 Etiam
975 2750 1301 2814 Ausonius
1333 2751 1540 2817 xV11.
1570 2746 1883 2837 Domitia-

383 2858 450 2918 ni
488 2857 858 2921 consulatus
896 2867 1234 2918 enumerat
1268 2854 1325 2933 c)
1348 2896 1367 2928 ,
1420 2864 1488 2913 et
1527 2849 1881 2932 suffragan-

386 2973 495 3021 tur
535 2978 858 3022 marmora
904 2956 1157 3030 omnia,
1221 2966 1288 3017 et
1336 2953 1550 3029 numi,
1609 2951 1878 3035 dempto

386 3061 635 3137 unico,
696 3079 895 3143 quem
955 3068 1224 3142 praeter
1288 3053 1373 3120 cl.
1420 3054 1756 3122 Valesium
1813 3053 1878 3134 (¹)

306 3196 319 3201 -
383 3163 602 3227 laudat
656 3158 1034 3227 narduinus
1114 3176 1391 3221 aeneum
1468 3158 1518 3220 I.
1594 3156 1878 3231 formae,

384 3279 452 3327 et
511 3263 932 3346 inscriptum:
1011 3261 1187 3323 IMP.
1254 3257 1503 3321 CAES.
1564 3257 1878 3320 DOMIT.

386 3366 595 3432 AVG.
605 3365 880 3428 GERM.
893 3360 1086 3424 ,COS.
1102 3350 1338 3426 xvni.
1356 3359 1603 3424 GENS.
1624 3360 1877 3423 PERP.

384 3470 460 3534 Ρ.
538 3468 653 3543 Ρ.,
753 3476 1025 3527 testatus
1124 3475 1507 3544 praeterea,
1611 3482 1881 3522 numum

383 3589 531 3634 esse
566 3564 1104 3650 integerrimum,
1146 3583 1220 3626 ac
1253 3562 1741 3639 nitidissimum,
1792 3578 1891 3625 at-

385 3692 517 3755 que
563 3690 647 3732 ex
696 3687 779 3730 eo
824 3667 1028 3729 fastos
1065 3685 1211 3727 esse
1251 3664 1723 3748 corrigendos,
1767 3667 1880 3749 qui
1957 3653 1966 3665 ’

385 3774 757 3837 consulatus
809 3780 1050 3831 tantum
1085 3767 1292 3833 XVII.
1347 3767 1719 3830 Domitiano
1767 3769 1882 3830 tri-

384 3872 592 3936 bunut
635 3873 718 3954 εΞ).
793 3870 886 3932 At
938 3888 1065 3952 ego
1110 3886 1272 3950 pace
1320 3866 1449 3929 viri
1496 3868 1736 3930 eruditi
1785 3869 1880 3930 di-

386 3996 591 4051 xero,
648 3971 868 4035 malim
925 3991 1009 4035 ex
1068 3966 1364 4031 omnibus
1415 3969 1878 4052 scriptoribus,

388 4090 456 4139 et
494 4073 929 4138 monumentis
967 4091 1167 4133 unum
1200 4088 1503 4151 numum,
1555 4091 1747 4152 quam
1794 4092 1879 4133 ex

387 4198 514 4241 uno
570 4196 769 4240 numo
825 4174 993 4237 illos
1035 4190 1261 4235 omnes
1321 4169 1590 4252 corrigi.
1676 4173 1876 4249 Esto,

383 4300 649 4342 numum
709 4297 857 4340 esse
914 4275 1279 4358 integrum,
1338 4291 1413 4333 ac
1471 4293 1733 4349 sanum,
1793 4295 1875 4336 an

458 4617 518 4685 a)
562 4613 629 4669 In
658 4611 875 4667 Domit.
904 4629 957 4668 c.
984 4621 1039 4670 2.
1190 4606 1260 4678 b)
1304 4607 1452 4683 Cap.
1490 4619 1574 4669 13.

382 4790 484 4851 Vl.
524 4793 585 4848 in
618 4797 958 4849 nummus.
992 4788 1191 4845 Pisani
1230 4808 1288 4864 p.
1330 4800 1447 4848 117.
1484 4797 1602 4849 ¹25.

3345 580 3502 656 395,

1999 721 2201 801 nullis
2242 720 2422 783 numi
2463 733 2726 785 veteres
2769 722 3072 788 laborant
3106 729 3508 793 monetarioae

1999 847 2148 886 rum
2197 824 2530 906 peccatis?
2582 825 2717 886 Cur
2765 846 2928 910 ergo
2975 828 3040 888 in
3090 829 3502 893 absolvendo

2000 928 2129 990 hoc
2173 925 2497 1023 Harduini
2543 948 2743 991 numo
2794 941 2925 990 tam
2972 928 3171 991 simus
3220 929 3499 1014 diligen-

2001 1041 2141 1107 tes,
2198 1027 2553 1111 praecipue
2599 1048 2748 1091 cum
2798 1042 2934 1107 tot,
2992 1050 3066 1093 ac
3115 1043 3244 1093 tam
3299 1032 3498 1094 certis

2001 1128 2438 1192 monumentis
2499 1130 2929 1196 adversatur?
3015 1131 3320 1213 Admisso
3379 1132 3503 1216 igi-

1998 1246 2108 1295 tur
2161 1230 2508 1294 monetarii
2560 1231 2744 1315 lapsu
2788 1253 3005 1318 neque
3051 1235 3179 1297 erit
3220 1255 3506 1298 necesse

2001 1334 2507 1416 circumspicere
2564 1352 2713 1396 cum
2763 1335 3157 1398 Mazzoleno
3216 1337 3496 1399 alterum

1999 1434 2352 1519 effugium,
2399 1435 2684 1517 intelligi
2726 1436 3033 1498 nimirum
3071 1439 3307 1505 XVIII.
3349 1458 3516 1502 con·

1998 1538 2314 1615 sulatum,
2368 1535 2484 1600 sed
2527 1540 2982 1619 designatum,
3039 1539 3162 1601 etsi
3202 1538 3500 1602 absolute

1998 1637 2247 1724 positus
2294 1637 2395 1701 sit.
2466 1636 2704 1700 Adfert
2761 1637 2816 1700 is
2855 1638 3137 1722 ,quidem
3196 1640 3498 1723 exempla

1997 1740 2212 1815 varia,
2269 1759 2731 1823 nonnunquam
2780 1740 3151 1805 consulatus
3199 1740 3497 1823 designa·

1998 1855 2116 1904 tos·
2157 1855 2451 1924 sumptos
2506 1839 2707 1902 fuisse
2765 1841 3063 1904 absolute
3110 1839 3208 1924 ί),
3265 1842 3510 1907 verum·

2000 1941 2157 2005 alibi
2189 1941 2618 2018 docebimus,
2655 1943 2941 2006 rationes
2985 1943 3067 2005 ad
3110 1944 3178 2005 id
3219 1944 3494 2026 proban·

2001 2042 2157 2104 dum
2202 2044 2426 2106 allatas
2480 2044 2547 2109 in
2592 2043 2825 2107 fallace
2876 2044 3300 2108 fundamento
3353 2046 3494 2110 niti.

1998 2147 2309 2207 Ceterum
2355 2165 2812 2229 nonnunquam
2851 2168 2886 2208 a
2925 2146 3303 2208 monetariis
3344 2135 3497 2208 con-

1998 2247 2320 2309 sulatuum
2339 2246 2692 2307 Domitiani
2723 2244 3148 2309 suffectorum
3174 2248 3497 2337 restionem

1998 2369 2129 2410 non
2170 2347 2371 2410 fuisse
2412 2348 2723 2424 habitam,
2760 2350 3136 2431 exemplum
3166 2348 3356 2412 altius
3389 2347 3520 2413 dc·-

2000 2448 2328 2521 dimusad
2362 2471 2596 2513 annum
2634 2451 2717 2519 V.
2747 2452 2823 2516 C.
2858 2450 3026 2516 832..

2387 2639 2711 2721 Pontq'sex
2755 2638 3129 2700 maximus„
3147 2665 3166 2675 ·

2083 2755 2527 2818 Domitianum
2590 2774 2722 2816 non
2785 2755 3098 2817 continuo
3168 2773 3316 2817 cum
3381 2753 3520 2815 im-›

1996 2857 2188 2940 perio
2252 2856 2531 2919 adivisse
2597 2854 3042 2938 pontificatum
3110 2855 3516 2932 maximum‚.

1998 2979 2229 3022 verum
2290 2959 2616 3042 aliquanto
2673 2957 2921 3034 serius,
2982 2957 3260 3041 probant
3311 2959 3493 3018 numi

1999 3060 2078 3124 ad
2130 3082 2367 3124 annum
2409 3062 2493 3126 V..
2531 3062 2604 3124 C.
2643 3058 2769 3134 834
2814 3058 3167 3143 descripti,
3229 3059 3294 3119 in
3340 3078 3514 3142 quo--

1995 3183 2143 3224 rum
2192 3161 2335 3225 aliis
2375 3184 2501 3224 nna
2544 3181 2693 3224 cum
2733 3160 3011 3244 Augusti
3054 3158 3512 3243 appellatione·

1998 3263 2236 3326 dicitur
2254 3261 2641 3346 simpliciter
2657 3264 2836 3327 PON
2843 3266 2919 3325 T.
2934 3308 2952 3341 ,
2980 3262 3046 3324 in
3065 3262 3208 3325 aliis
3225 3261 3508 3324 PONL,

1996 3366 2212 3430 MAX.

2614 3552 2881 3616 Censor.

2082 3670 2320 3733 Narrat
2375 3671 2506 3734 Dio
2557 3673 2654 3754 g),
2719 3669 3093 3734 Domitiano
3158 3672 3239 3734 ab
3301 3692 3502 3756 expc-

1997 3771 2245 3835 ditione
2292 3773 2676 3837 Germanica
2736 3794 3011 3838 reverso
3066 3773 3412 3838 decretum
3458 3799 3496 3837 a

1997 3889 2261 3952 senatu,
2323 3889 2435 3954 ut,
2488 3876 2666 3961 quod
2719 3876 2968 3940 nemini
3021 3875 3232 3940 adhuc
3290 3876 3498 3939 eonti-

1996 3977 2137 4059 git,
2185 3997 2415 4038 censor
2457 3989 2816 4058 perpetuus
2862 3979 3157 4059 (τιμητης
3192 3973 3298 4038 δια
3338 3980 3497 4058 esav)

1995 4074 2473 4157 designaretur.
2532 4076 2993 4139 Tillemontius
3037 4098 3179 4140 eam
3230 4077 3498 4162 expedi-

1992 4176 2239 4238 tionem
2284 4176 2432 4259 lig-it
2471 4178 2553 4238 ad
2596 4198 2832 4239 annum
2878 4179 2960 4244 V.
3004 4178 3077 4241 C.
3123 4177 3271 4242 836.
3363 4180 3497 4243 Vc-

1991 4298 2138 4340 rum
2181 4297 2331 4339 cum
2373 4277 2554 4339 numi
2595 4275 3008 4343 Mediobarbi
3051 4279 3491 4345 Domitianum
3522 4338 3542 4357 ,

1682 4658 1691 4665 .
1725 4609 1787 4679 c)
1826 4608 1893 4663 In
1923 4608 2158 4682 gratiar.
2195 4607 2430 4666 actione
2457 4627 2567 4684 pro
2600 4610 2910 4667 consulatu
2939 4610 3017 4668 ad
3050 4612 3398 4671 Gratianum
3435 4636 3485 4672 c.

385 4716 471 4765 27.
626 4701 696 4773 d)
736 4701 800 4757 B.
832 4703 903 4757 1..
934 4697 1084 4754 nist.
1124 4697 1195 4753 Τ.
1230 4695 1360 4755 XII.
1397 4717 1457 4774 p.
1483 4710 1610 4761 515.
1723 4701 1786 4769 e)
1827 4695 1976 4755 nist.
2013 4698 2163 4771 Aug.
2209 4696 2289 4753 ad
2329 4716 2560 4755 annum
2586 4698 2652 4754 P.
2675 4696 2748 4756 X.
2779 4703 2870 4772 96.

1730 4795 1793 4862 g)
1830 4787 1895 4843 L.
1924 4784 2155 4846 LXVII.
2191 4787 2240 4861 ᾖ.
2268 4795 2338 4849 ά..

3056 4702 3112 4772 f)
3167 4703 3483 4765 Animadv.

2702 4882 2765 4941 D
2813 4880 2853 4943 d
2898 4881 2937 4942 d
2988 4900 3022 4942 α
