4509 5584
1562 497 2318 634 5ΗΑΒΜᾹΝΥΒ.

379 725 516 775 tum
554 708 904 795 opinemur
938 723 1326 796 propterea,
1366 710 1673 797 quoniam
1708 725 1876 776 teste

379 813 723 898 spartiano
734 815 1046 898 frigora,
1075 823 1145 876 et
1177 824 1600 897 tempestates
1627 819 1733 878 ita
1755 835 1879 898 pa·

376 920 626 980 tieneet·
658 916 853 992 tulit,
882 928 959 978 ut
993 935 1327 995 nunquam
1361 927 1561 999 eaput
1593 927 1868 1000 tegeret.

377 1017 542 1082 Cum
574 1036 706 1104 quo
739 1017 1065 1082 consentit
1092 1032 1165 1082 et
1194 1015 1325 1082 Dio
1355 1016 1445 1102 ⁸):
1480 1018 1669 1081 nullo
1698 1018 1876 1079 calo-

373 1141 447 1182 re
461 1164 483 1197 ,
519 1119 703 1181 nullo
727 1118 1028 1203 frigore,
1063 1133 1141 1183 ut
1170 1123 1392 1207 capite
1422 1131 1648 1203 operto
1680 1132 1881 1197 esset,

374 1223 622 1286 adduci
640 1224 974 1302 potuisse,
1011 1242 1165 1284 nam
1197 1231 1267 1284 et
1297 1224 1478 1284 inter
1509 1225 1695 1286 nives
1733 1223 1873 1286 cel-

372 1325 579 1399 ticas,
630 1334 694 1385 et
732 1323 991 1412 calores
1022 1324 1407 1405 Aegyptios
1441 1326 1616 1386 nudo
1653 1327 1874 1407 capite

372 1424 765 1487 ambulavit.
812 1421 999 1518 Quae
1027 1443 1136 1488 res
1170 1422 1233 1488 ei
1258 1424 1429 1496 male
1456 1422 1691 1506 vertit3
1721 1445 1870 1487 nam

369 1538 541 1590 teste
582 1525 824 1589 iterum
857 1524 1204 1609 Spartiano
1237 1529 1618 1609 peragratis
1663 1528 1874 1589 omni-

370 1629 494 1691 bus
523 1629 831 1712 partibus
872 1630 1093 1711 capite
1129 1630 1338 1704 nudo,
1381 1639 1450 1690 et
1486 1630 1559 1690 in
1596 1631 1873 1690 summis
1902 1665 1913 1676 x

336 1725 345 1746 ¹
354 1731 747 1820 plerumque
791 1730 1114 1792 imbribus
1156 1741 1355 1808 atque
1377 1729 1764 1814 frigoribus
1795 1731 1871 1791 in

371 1834 667 1895 morbum
703 1832 950 1894 incidit
986 1830 1362 1894 lectualem.

449 1936 531 1996 11.
589 1932 762 1997 Novi
820 1932 1013 1995 etiam
1068 1930 1271 1994 moris
1324 1943 1425 1996 est
1477 1944 1674 2015 caput
1724 1930 1871 1995 bar·-

366 2035 619 2111 batum,
672 2032 1056 2097 testantibus
1102 2031 1276 2096 istud
1324 2053 1458 2096 non
1499 2035 1713 2097 solum
1754 2055 1870 2096 nu-

365 2137 529 2215 mis,
586 2134 707 2202 sed
756 2135 1002 2201 diserte
1054 2134 1249 2199 etiam
1300 2134 1518 2200 Dione
1565 2132 1663 2218 ¹³):
1730 2136 1870 2198 Ha-

366 2243 644 2302 drianus
679 2243 892 2317 enim,
934 2239 1065 2313 ait,
1103 2233 1365 2321 prinius
1393 2241 1867 2319 imperatorum

364 2342 634 2404 barbam
677 2346 1012 2423 promisit.
1073 2327 1393 2410 Videmus
1440 2337 1705 2424 quidem
1748 2337 1869 2400 eti-

363 2465 466 2507 am
517 2457 650 2507 tam
695 2442 1011 2528 Augusti,
1075 2462 1266 2526 quam
1318 2440 1602 2505 Neronis
1660 2461 1862 2525 genas

361 2546 428 2606 in
478 2547 691 2608 numis
731 2544 1004 2609 barbula
1041 2544 1302 2622 vestiri,
1346 2542 1464 2607 sed
1503 2544 1569 2606 in
1602 2543 1740 2621 his,
1791 2556 1863 2606 ut

363 2647 681 2725 diximus,
738 2667 930 2710 causa
972 2645 1096 2709 fuit
1140 2660 1250 2713 aut
1294 2645 1539 2724 luctus,
1591 2659 1700 2709 aut
1747 2666 1863 2729 po-

360 2750 618 2814 nendae
675 2748 1035 2814 secundum
1088 2762 1387 2815 veterem
1447 2746 1864 2811 consuetudi·

360 2872 513 2917 nem
552 2851 795 2916 barbae
836 2865 1014 2915 aetas
1048 2850 1340 2914 nondum
1379 2864 1652 2916 matura.
1697 2848 1860 2930 Ejus

252 3031 259 3038 .
354 2957 431 3018 in
471 2955 804 3020 Hadriano
851 2953 1053 3018 moris
1104 2974 1361 3018 causam
1410 2951 1628 3015 statuit
1667 2951 1860 3033 Spar-

359 3061 603 3137 tianus,
652 3074 729 3121 ut
767 3059 1081 3132 vulnera,
1128 3077 1294 3137 quae
1332 3059 1405 3118 in
1427 3057 1628 3138 facie
1664 3063 1860 3115 erant

356 3162 746 3237 naturalia,
792 3172 1063 3244 tegeret.
1125 3159 1215 3222 At
1253 3156 1432 3221 enim
1474 3154 1665 3220 aliam
1701 3153 1855 3217 huic

362 3266 504 3349 ejus
552 3262 848 3327 instituto
896 3281 1153 3325 causam
1204 3259 1474 3323 subesse
1522 3256 1853 3340 suspicor,

357 3367 666 3429 nimirum
710 3363 889 3450 quod
942 3361 1398 3449 philosophiae
1448 3358 1658 3424 studia
1707 3378 1856 3443 per·

252 3525 261 3534 ,
360 3470 635 3534 tinaeius
684 3466 1024 3556 professus
1073 3478 1243 3542 erat,
1304 3483 1496 3551 quam
1547 3461 1658 3546 qui
1702 3480 1856 3545 pro-

350 3572 517 3636 fessi
568 3583 764 3648 sunt,
841 3567 1113 3632 barbam
1174 3568 1360 3631 alere
1423 3583 1854 3642 consuevere.

361 3676 574 3760 Atque
629 3672 699 3734 in
743 3671 865 3734 hac
913 3670 1109 3734 etiam
1157 3681 1378 3733 mente
1422 3665 1625 3731 fuisse
1666 3661 1858 3752 lulia-

358 3783 514 3839 num
548 3776 949 3859 Augustum,
998 3771 1149 3835 satis
1187 3791 1272 3834 ex
1311 3771 1394 3833 iis
1425 3785 1637 3855 patet,
1688 3789 1851 3856 quae

360 3882 430 3940 in
448 3875 833 3943 Caesaribus
859 3874 990 3937 suis
1006 3872 1345 3937 Hadriano
1362 3873 1674 3956 objectat:
1698 3883 1857 3955 post

356 3987 532 4045 laune
558 3977 975 4066 (Traianum)
996 3978 1426 4061 progreditur
1452 3977 1560 4037 vir
1576 3975 1855 4055 prolixa

356 4084 566 4148 barba
602 4083 1034 4146 venerandus.
1074 4111 1105 4129 ·
1141 4110 1171 4130 ·
1212 4109 1240 4126 ·
1282 4076 1480 4139 Hunc
1524 4094 1673 4138 cum
1712 4094 1855 4137 sae·

346 4189 508 4269 pius
534 4187 608 4249 in
636 4183 894 4247 coelum
921 4180 1153 4245 oculos
1182 4178 1623 4253 attollentem,
1655 4196 1856 4240 aeso-

353 4290 549 4352 licite
594 4285 861 4349 occulta
912 4284 1357 4362 inquirentem
1403 4282 1853 4361 con-:petisset

358 4391 659 4465 Silenus,
694 4387 861 4468 quid
884 4386 1101 4462 vobis,
1139 4385 1276 4460 ait,
1311 4385 1577 4447 videtur
1605 4382 1720 4445 bic
1746 4402 1851 4444 so·

347 4494 627 4576 plasta?
665 4488 838 4553 Sane
870 4497 1154 4564 constat,
1193 4483 1596 4548 Hadrianum
1631 4482 1849 4569 sophi·

353 4610 518 4672 stas,
548 4592 681 4657 nisi
711 4611 873 4679 quos
902 4602 1180 4675 propter
1206 4587 1513 4653 invidiam
1545 4587 1844 4652 acerbius

422 4809 487 4877 a)
525 4804 590 4858 L.
628 4800 826 4859 ιΧιΧ.
864 4801 993 4872 §.9.-
1143 4797 1213 4855 ω
1253 4797 1319 4854 ιε
1349 4796 1608 4858 vam.
1642 4798 1689 4869 ς.
1723 4808 1805 4859 15.

3343 562 3486 634 485

1988 711 2249 790 habuit,
2315 711 2608 799 impense
2669 709 2952 789 fovisse,
3018 726 3214 799 atque
3273 714 3488 799 ipsum

1988 813 2203 880 refert
2246 812 2623 899 Spartianus
2675 814 2847 896 apud
2896 813 3359 904 Alexandriam
3415 818 3486 880 in

1989 936 2220 981 museo
2265 915 2501 981 multas
2544 918 2960 1000 quaestiones
2998 915 3488 1003 professoribus

1987 1018 2453 1104 proposuisse,
2516 1029 2587 1081 et
2639 1018 3012 1104 propositas
3073 1017 3448 1086 dissolvisse
3467 1067 3485 1099 ‚

1985 1141 2204 1205 neque
2250 1120 2379 1184 ulia
2424 1140 2617 1184 causa
2648 1120 2775 1184 fuit
2811 1121 2973 1198 tanti
3011 1120 3151 1203 ejus
3181 1121 3252 1184 in
3285 1122 3490 1188 Athe·

1987 1244 2104 1310 nas
2137 1221 2387 1286 Atticas
2419 1220 2751 1296 adfectus,
2799 1220 2926 1284 nisi
2968 1222 3145 1305 quod
3194 1243 3337 1287 eam
3383 1244 3491 1288 ur-

1972 1323 2142 1387 bem
2216 1323 2674 1407 philosophiae
2757 1322 2968 1387 studia
3050 1321 3133 1386 ab
3221 1323 3488 1408 antiquo

1958 1427 1965 1436 '
1987 1424 2560 1493 commendavere.

2648 1425 2770 1487 His
2842 1445 2996 1489 cum
3063 1437 3133 1488 et
3202 1424 3487 1510 proximi

1987 1526 2129 1610 ejus
2174 1546 2591 1592 successores
2634 1527 2916 1610 Augusti
2973 1525 3166 1589 enixe
3217 1545 3488 1592 vacave-

1986 1628 2120 1691 rint
2177 1630 2358 1712 (nam
2414 1649 2560 1691 eam
2615 1642 2893 1692 aetatem
2944 1626 3217 1711 proprie
3268 1626 3486 1709 sophi-

1985 1741 2228 1793 starum
2262 1728 2489 1794 dicere
2521 1735 2925 1813 possumus),
2961 1729 3229 1793 barbam
3256 1741 3322 1791 et
3356 1728 3483 1816 ipsi

1983 1831 2279 1909 alebant,
2331 1830 2460 1894 nisi
2503 1832 2677 1912 forte
2722 1844 2791 1893 et
2834 1830 2957 1894 hos
2995 1830 3158 1895 velit
3203 1829 3486 1913 Spartia-

1982 1955 2107 1997 nus
2166 1933 2484 1997 naturalia
2539 1934 2606 1995 in
2664 1932 2833 1997 facie
2896 1932 3170 1998 vulnera
3236 1931 3477 2016 barbae

1981 2036 2136 2103 velo
2193 2035 2479 2100 voluisse
2536 2035 2879 2119 obtegere.
2957 2035 3057 2097 Ea
3112 2033 3325 2097 cultus
3382 2055 3482 2096 ra·

1982 2137 2077 2200 tio
2129 2157 2212 2201 ex
2265 2137 2719 2223 philosophiae
2773 2136 2955 2201 cultu
3003 2155 3175 2199 nunc
3219 2136 3478 2202 invecta

1982 2237 2153 2322 apud
2201 2253 2505 2326 posteros
2557 2239 2890 2323 principes
2940 2237 3007 2298 in
3064 2238 3476 2300 consuetudi-

1980 2362 2133 2404 nem
2180 2341 2390 2420 abiit,
2469 2342 2564 2405 sic
2625 2355 2697 2404 ut
2754 2340 2822 2401 in
2880 2339 3153 2421 longum
3216 2352 3474 2422 tempus

1980 2444 2175 2508 etiam
2207 2443 2641 2527 imperatores
2674 2443 2754 2519 ii,
2802 2440 2912 2527 qui
2960 2442 3251 2505 omnium
3291 2441 3484 2524 mini·

1980 2566 2086 2609 me
2117 2545 2494 2631 philosophi
2522 2558 2761 2624 essent,
2788 2543 3055 2608 barbam
3077 2557 3296 2608 tamen
3321 2562 3473 2625 pro·

1978 2647 2339 2712 mitterent.

2060 2751 2170 2810 111.
2234 2750 2305 2810 Si
2358 2747 2502 2832 quis
2548 2745 2729 2813 volet
2779 2759 3106 2810 monetam
3157 2744 3475 2808 Hadriani

1976 2849 2284 2928 attentius
2359 2841 2751 2926 observare,
2837 2846 3033 2911 facile
3108 2846 3472 2930 intelliget,

1972 2952 2041 3013 in
2089 2951 2330 3026 numia¹
2356 2952 2730 3015 consulatus
2773 2952 2924 3014 1.,et
2958 2952 3039 3013 11.
3085 2967 3474 3029 comparere

1972 3053 2189 3137 potius
2229 3052 2544 3116 Hadriani
2579 3064 2928 3137 protomen
2951 3096 2968 3127 ‚
3022 3070 3211 3135 quam
3247 3064 3473 3133 caput,

1973 3154 2219 3218 collum
2272 3154 2576 3238 intelligo
2630 3152 3012 3238 productius
3071 3150 3286 3214 addita
3343 3172 3474 3215 ma·

1968 3257 2114 3339 jore
2155 3269 2341 3341 parte
2375 3255 2703 3339 pectoris,
2751 3269 2819 3320 et
2852 3254 3179 3340 tergoris,
3233 3267 3369 3315 tum
3405 3267 3475 3316 et

1968 3358 2208 3423 faciem
2264 3358 2331 3421 in
2388 3358 2488 3421 his
2542 3357 2845 3421 nonnihil
2887 3355 3299 3420 macilentam
3323 3400 3340 3434 ‚
3402 3369 3472 3419 et

1969 3475 2263 3525 mentum
2325 3459 2609 3538 acutius,
2677 3458 2764 3523 ad
2823 3461 2987 3522 haec
3045 3456 3328 3521 additam
3388 3459 3467 3521 si·

1970 3565 2112 3628 mili
2157 3586 2429 3649 προτομῃ
2481 3561 2972 3645 inscriptionem
3026 3558 3317 3622 nondum
3368 3580 3472 3626 ca-

1967 3682 2151 3754 ptum
2199 3688 2323 3751 per
2368 3665 2788 3749 adoptionem
2825 3662 3187 3724 TRAIANI
3226 3682 3470 3726 nomen

1969 3772 2313 3848 omittere,
2359 3766 2535 3854 quod
2577 3767 2924 3850 deinceps,
2972 3765 3084 3829 ubi
3131 3779 3323 3849 caput
3366 3780 3469 3829 est
3545 3791 3552 3804 ⁴

1969 3887 2250 3951 tantum,
2314 3887 2384 3938 et
2434 3892 2568 3935 non
2619 3869 2899 3954 amplius
2954 3888 3069 3945 ea,
3130 3889 3323 3953 quam
3373 3866 3510 3930 di·-

1964 3976 2071 4052 xi,
2155 3986 2495 4058 protome‚
2591 3986 2785 4056 atque
2870 3967 3038 4030 illud
3123 3969 3460 4052 pinguius,

1962 4089 2344 4143 constanter
2382 4075 2588 4140 abest.
2661 4074 2752 4135 Et
2803 4071 2964 4134 haec
3020 4069 3284 4154 quidem
3329 4083 3459 4134 tarn

1965 4177 2234 4263 capitis,
2291 4197 2483 4263 quam
2528 4173 2928 4259 epigraphes
2967 4171 3301 4256 peristasis
3347 4172 3462 4234 ob-

1964 4293 2268 4348 servatur
2322 4277 2533 4341 adhuc
2589 4276 2656 4336 in
2707 4273 3041 4338 nonnullis
3086 4272 3458 4337 consulatus

1963 4383 2073 4447 111.
2131 4380 2369 4447 numia.
2452 4381 2556 4442 Ex
2618 4397 2749 4465 quo
2807 4375 3256 4451 manifestum,
3325 4375 3461 4459 pri-

1958 4486 2086 4551 mis
2134 4484 2505 4556 consulatus
2556 4485 2668 4549 111.
2726 4479 2908 4545 annis
2966 4490 3293 4542 retentum
3347 4477 3458 4541 ad-

1956 4571 2091 4653 huc
2130 4597 2540 4656 veteremret
2584 4582 2849 4669 capitis,
2904 4594 2972 4647 et
3011 4579 3454 4666 inscriptionis
