4509 5584
2267 262 2296 294 Ὦ

1126 735 1477 799 Praeclare
1528 728 1886 794 secundum
1929 731 2053 793 hos
2102 750 2335 793 numos
2382 733 2618 795 Pausa-

1126 837 1297 914 nias,
1361 856 1508 899 cum
1557 846 1777 896 narrat
1819 838 1916 915 ⁸),
1969 832 2209 899 vidisse
2267 854 2339 896 se
2396 834 2619 897 rhino-

1122 951 1415 1015 cerotas,
1458 948 1620 1020 quos
1660 957 1902 1015 ταυςους
1947 937 2347 1010 Αιθιοπικους
2392 949 2614 1012 vocat,

1118 1059 1398 1124 quorum
1451 1058 1488 1100 e
1534 1038 1798 1101 naribus
1846 1038 2156 1100 extremis
2207 1058 2417 1100 cornu
2459 1059 2617 1121 ,pro-

1118 1143 1357 1216 minet,
1413 1153 1480 1201 et
1519 1140 1739 1223 paullo
1774 1140 2073 1222 superius
2110 1138 2427 1215 alterum,
2480 1159 2610 1201 non

1115 1261 1333 1308 tamen
1388 1262 1715 1324 magnum.
1802 1242 1986 1304 Haec
2039 1240 2614 1304 commemoranda

1112 1347 1342 1421 fuere,
1397 1343 1545 1428 quia
1584 1340 1957 1404 Harduinus
2000 1363 2084 1404 ex
2131 1342 2289 1429 ipsis
2334 1342 2435 1403 his
2477 1342 2612 1405 Do-

1110 1445 1358 1510 mitiani
1414 1443 1626 1506 numis
1685 1444 2099 1507 manifestum
2159 1463 2306 1506 esse
2371 1442 2604 1520 docet,

1109 1548 1304 1611 unico
1340 1547 1407 1607 in
1444 1567 1603 1609 nare
1652 1566 1859 1609 cornu
1897 1547 2061 1608 hanc
2089 1543 2299 1607 feram
2338 1564 2484 1605 esse
2512 1543 2607 1605 in-

1107 1662 1417 1713 structam
1468 1645 1567 1728 b),
1641 1646 2054 1730 eundemque
2121 1644 2362 1719 deinde
2422 1666 2606 1708 erro·

1106 1771 1251 1812 rem
1286 1734 1459 1811 for⁸te
1499 1768 1581 1809 ex
1614 1746 1956 1809 Harduino
1992 1747 2325 1823 haustum,
2367 1747 2433 1808 in
2469 1749 2605 1809 Do-

1108 1850 1353 1913 mitiani
1402 1850 1615 1910 numis
1668 1846 1928 1910 nonnisi
1979 1869 2178 1909 unum
2228 1868 2436 1910 cornu
2491 1848 2605 1910 ob-

1106 1949 1395 2025 servari,
1442 1949 1826 2034 propagavit
1874 1948 2145 2013 Iacobus
2196 1952 2414 2012 Bruce
2469 1951 2602 2010 An-

1104 2053 1289 2135 glus‚
1356 2051 1468 2136 qui
1518 2051 1586 2112 in
1640 2072 1758 2147 suo
1805 2038 2188 2134 Abyssiniae
2254 2049 2600 2114 itinerario

1104 2153 1307 2247 multa
1341 2151 1422 2215 de
1456 2153 1585 2217 hoc
1621 2150 1879 2216 animali
1913 2154 2066 2217 alias
2090 2153 2407 2229 unicorni,
2445 2152 2600 2216 alias

1104 2255 1362 2318 bicorni
1425 2258 1789 2332 enarravit,
1857 2275 1987 2339 quo
2045 2255 2194 2318 loco
2257 2255 2597 2317 historiam

1063 2356 1462 2449 'naturalem
1523 2357 2017 2444 quadrupedum
2089 2357 2229 2441 ejus
2302 2357 2594 2443 regionis

1104 2458 1437 2526 describit.

1337 2643 1549 2709 Numi
1590 2648 1940 2709 commatis
1974 2647 2339 2727 peregrini.

1179 2764 1457 2830 Vrbium
1525 2763 1924 2828 Graecarum
1996 2764 2352 2827 liberarum
2422 2766 2591 2849 justa

1093 2880 1397 2948 superest
1438 2869 1646 2951 copia.
1707 2869 1809 2926 Ex
1846 2867 1949 2927 his
1989 2866 2396 2930 memorandi
2432 2890 2593 2931 non-

1091 2969 1297 3047 nulli,
1347 2989 1626 3055 quorum
1668 2982 1915 3032 certam
1961 2987 2095 3029 non
2139 2981 2439 3032 tenemus
2482 2992 2591 3053 pa-

1093 3074 1311 3139 triam.

1172 3174 1373 3236 Numi
1415 3171 1718 3260 argentei
1748 3164 2092 3235 ΕΤΟΤΣ.
2134 3168 2415 3237 ΝΕΟΤ.
2465 3172 2585 3234 IE-

1096 3272 1319 3352 Por,
1380 3281 1543 3338 anni
1600 3278 1757 3338 novi
1808 3278 2021 3348 sacri,
2087 3271 2169 3334 de
2222 3272 2455 3356 quibus
2508 3294 2591 3336 ex

1088 3377 1431 3462 proposito
1463 3375 1717 3459 egimus
1746 3374 1903 3442 Vol.
1936 3376 2049 3442 1V.
2081 3374 2149 3435 in
2183 3387 2465 3439 tractatu
2504 3373 2587 3439 <le

1089 3480 1262 3541 notis
1292 3477 1806 3561 chronologicis,

1175 3581 1343 3642 Sunt
1388 3593 1455 3641 et
1499 3579 1610 3640 alii
1654 3577 1957 3660 argentei
1997 3579 2106 3642 111.
2148 3578 2401 3640 formae
2452 3578 2585 3641 ele-

1089 3680 1299 3764 gantis
1362 3679 1619 3762 operis,
1693 3679 1762 3739 in
1821 3700 2101 3764 quorum
2161 3678 2436 3741 aversa}
2504 3676 2585 3737 Ε-

1087 3776 1333 3843 TOTC
1386 3778 1498 3844 ΙΔ.
1552 3775 1974 3841 ΤΠΑΤΟΤ.
2030 3778 2148 3846 ΙΖ.
2231 3783 2422 3855 Vna,
2479 3781 2590 3842 vel

1082 3886 1331 3960 duplex
1356 3884 1508 3966 lyra
1534 3885 1884 3959 insistente
1900 3883 2285 3965 plerumque
2314 3894 2579 3941 noctua.

1084 3986 1320 4055 Variae
1371 3984 1474 4047 his
1524 3986 1736 4048 numis
1784 3984 2033 4068 patriae
2079 3983 2157 4046 ab
2204 3981 2579 4046 auctoribus

1080 4090 1533 4173 adsignantur,
1579 4089 1697 4152 sed
1736 4087 1951 4150 verius
1990 4106 2135 4149 esse
2171 4085 2412 4168 Lyciae
2441 4086 2578 4150 vin·

1081 4193 1430 4270 dicandos,
1479 4193 1763 4275 probare
1805 4202 2072 4253 conatus
2124 4210 2265 4250 sum
2316 4189 2385 4248 in
2435 4188 2575 4271 ejus

1031 4273 1045 4295 κ
1079 4295 1370 4381 regionis
1410 4297 1646 4360 numis.
1709 4295 1874 4355 Sunt
1920 4293 2109 4375 hujus
2154 4287 2418 4376 generis
2458 4288 2575 4351 eti-

1078 4421 1181 4463 am
1227 4400 1347 4462 sub
1384 4401 1634 4471 Nerva,
1691 4408 1759 4459 et
1798 4394 2085 4476 Traiano
2129 4395 2384 4480 signati.
2443 4392 2573 4455 Re-

1148 4730 1209 4796 a)
1250 4725 1313 4780 L.
1354 4724 1453 4779 IX.
1497 4742 1549 4778 c.
1590 4733 1681 4779 21.

1077 4816 1144 4887 «1)
1189 4816 1348 4871 Suet.
1392 4813 1451 4868 in
1490 4808 1690 4881 Vitell.
1731 4829 1782 4865 c.
1828 4822 1911 4872 15.

1920 4681 1990 4789 ι’»)
2031 4717 2186 4775 Nota
2222 4715 2399 4775 nvn.
2441 4715 2520 4773 ad
2555 4715 2664 4774 pm
2703 4715 2922 4774 lun-um
2962 4716 3118 4775 vm.

2251 525 3120 638 romanum..

2732 733 3075 817 periuntur
3109 731 3282 816 apud
3302 730 3680 796 Morellium
3698 733 3828 797 suh
3853 736 4180 801 Domitiano

2732 835 2863 901 tab.
2893 838 3039 900 XII.
3068 856 3133 899 n.
3166 836 3250 912 43
3290 848 3416 902 etc.
3451 850 3518 901 et
3549 837 3619 898 in
3649 837 3976 907 Vaillautii
4000 840 4180 902 numis

2780 951 2974 1003 raest.

2732 960 2776 1022 P
2818 1040 2984 1102 Sunt
3016 1039 3211 1102 etiam
3245 1038 3584 1122 argentei,
3622 1053 3692 1102 et
3719 1040 3941 1106 aenei:
3983 1038 4182 1103 OMO-

2729 1139 2800 1203 N
2804 1141 2985 1205 OIA.
3010 1137 3458 1216 CGBACTH,
3488 1154 3646 1223 typo
3688 1142 4074 1205 Concordiae
4099 1166 4176 1205 sc·

2730 1246 2984 1319 dentis,
3033 1246 3140 1304 vel
3184 1247 3457 1304 stantis.
3501 1239 3740 1322 (vain.
3787 1245 3955 1307 MuS.
3997 1245 4182 1323 Caes.)

2729 1363 3006 1427 quorum
3039 1343 3198 1405 item
3235 1342 3482 1405 natales
3515 1341 3931 1425 ignorantur:

2811 1444 3277 1509 Memorandus
3308 1446 3506 1508 item:

2939 1543 3560 1613 AOMITIANOC.
3591 1545 3810 1608 KAIC
3819 1544 3962 1609 ΑΡ.
4001 1547 4180 1629 Caput

2935 1650 3337 1711 laureatum.

2689 1741 3294 1813 ῃῙῚΟΛΙΟΤΧΟΟ.
3363 1748 3594 1811 Pallas
3632 1749 3954 1829 gradiens
3995 1750 4050 1810 d.
4093 1749 4185 1808 lm-

2719 1863 2894 1912 stom
2921 1854 3285 1926 intentans,
3317 1871 3366 1911 s.
3397 1848 3721 1929 clypeum.
3748 1848 3895 1914 AE.
3917 1851 3993 1915 11.
4014 1852 4182 1932 (Mus.

2717 1953 2986 2016 Farnes.
3023 1954 3103 2017 T.
3139 1951 3249 2014 IX.
3282 1949 3410 2013 tab.
3449 1949 3619 2015 V111.
3656 1971 3720 2014 n.
3759 1953 3878 2032 q.)

2802 2049 3151 2136 Πολιουχοι
3195 2049 3436 2114 Suidae
3474 2064 3623 2114 sunt
3661 2052 3929 2116 urbium
3963 2056 4184 2136 praesi-

2719 2155 2866 2234 ἄεις
2924 2174 3126 2237 quare
3171 2152 3348 2214 istud
3391 2152 3730 2236 epitheton
3767 2155 3966 2219 variis
4011 2154 4119 2217 diis
4157 2176 4186 2215 a

2718 2255 3055 2319 veteribus
3079 2253 3355 2331 inditum
3386 2256 3526 2316 fuit.
3560 2256 3880 2321 Privatim
3907 2256 4064 2319 illud
4093 2257 4184 2317 tri·

2711 2355 2941 2421 butum
2988 2370 3090 2420 est
3136 2355 3389 2419 Palladi
3430 2379 3467 2419 a
3519 2357 3896 2440 Spartanis,
3941 2359 4043 2421 cui
4078 2358 4184 2420 hoc

2708 2459 2974 2522 nomine
3048 2457 3363 2541 templum
3436 2459 3504 2519 in
3563 2479 3715 2522 arce
3779 2461 3910 2523 fuit
3950 2462 4043 2541 ⁰),
4133 2471 4187 2519 et

2706 2561 3016 2628 Vitellius
3075 2575 3366 2643 pateram
3416 2561 3774 2625 immensae
3828 2557 4186 2645 magnitudi-

2706 2662 2806 2725 nis
2832 2666 3130 2747 clypeum
3163 2665 3524 2739 Minervae,
3559 2654 3798 2748 αέιιγιδα
3819 2652 4182 2744 ’Πολιουχου,

2708 2766 3074 2847 appellavit
3118 2763 3215 2843 d)‚
3277 2785 3439 2849 quae
3485 2765 3615 2849 jam
3661 2764 4039 2831 observavit
4081 2764 4188 2845 Gy·

2703 2865 2947 2930 raldus.
3051 2863 3500 2959 Quaecunque
3566 2866 3723 2928 urbs
3784 2866 3952 2942 fuit,
4038 2884 4179 2951 quae

2705 2968 2879 3031 hunc
2924 2988 3192 3029 numum
3239 2968 3550 3052 signavit,
3614 2981 3876 3032 certum
3923 2968 4183 3040 videtur,

2704 3068 2834 3133 hoc
2894 3083 3054 3150 typo
3112 3090 3287 3131 usam
3349 3070 3414 3131 in
3473 3071 3832 3134 Domitiani
3900 3070 4182 3156 gratiam,

2709 3194 2744 3234 a
2790 3193 2920 3257 quo
2966 3172 3330 3234 Minervam
3384 3172 3752 3255 insignitius
3805 3176 4054 3237 cultam
4089 3193 4188 3233 no-

2707 3287 2929 3350 verat,
2985 3274 3335 3356 praecipue
3381 3293 3531 3336 cum
3579 3294 3654 3336 ea
3706 3274 3953 3338 eodem
3998 3275 4186 3345 cultu,

2706 3388 2777 3436 ut
2836 3376 2904 3435 in
2965 3375 3224 3437 Graeco
3299 3373 3429 3436 hoc
3497 3397 3695 3439 numo
3771 3376 4190 3461 proponitur,

2705 3476 3095 3561 frequenter
3148 3478 3217 3539 in
3276 3491 3538 3541 moneta
3597 3478 3896 3542 Romana
3954 3494 4188 3560 compa·

2707 3591 2869 3641 reat.

2784 3673 3131 3744 ΜΤΣῙΑ.
3192 3684 3539 3744 Provincia
3583 3692 3844 3744 moesta
3881 3683 4072 3744 humi
4107 3701 4186 3742 se·

2700 3782 2861 3843 dens
2902 3781 3108 3856 juxta
3152 3803 3485 3844 armorum
3526 3785 3933 3865 congeriem.
3996 3781 4182 3854 Vide,

2700 3886 2863 3966 quae
2910 3883 2993 3946 de
3041 3884 3352 3967 singulari
3403 3884 3530 3948 hoc
3575 3905 3773 3947 numo
3826 3884 4091 3968 conjeci
4126 3883 4183 3944 in

2696 3985 2907 4047 numis
2943 3987 3234 4048 Moesiae
3269 3985 3628 4069 superioris
3664 3987 3821 4052 Vol.
3848 3989 3933 4051 11.
3969 4009 4032 4072 p.
4064 3985 4120 4049 6.

2785 4091 3213 4151 Coloniarum
3265 4087 3444 4149 numi
3499 4088 3632 4151 rari
3674 4088 3794 4150 sub
3842 4105 4072 4173 patre,
4131 4101 4187 4149 et

2690 4188 2934 4266 fratre,
2997 4189 3116 4251 sub
3172 4189 3546 4254 Domitiano
3603 4191 3857 4273 majore
3918 4210 4181 4255 numero

2693 4306 3067 4358 occurrunt.

2781 4396 3405 4458 Alexandrinorum
3441 4417 3669 4481 magna
3706 4397 3925 4480 copia.

3131 4530 3154 4561 Ο

3366 4700 3427 4789 c)
3468 4718 3717 4775 Pausau.
3760 4719 3828 4772 L.
3871 4720 3977 4776 111.
4021 4740 4069 4776 c.
4107 4730 4182 4779 1²5.
