4509 5584
1064 600 1210 669 400
2325 555 2882 651 ΒΟΜΙΤῙΑ.

1074 753 1229 816 tiam
1304 768 1497 814 caeso
1573 748 1853 831 conjuge
1920 744 2292 810 Domitiano
2362 745 2558 808 vitam

1076 854 1287 918 adhuc
1336 850 1447 913 diu
1501 868 1928 933 prorogasse,
1966 848 2172 932 -eique
2218 868 2349 909 non
2397 848 2563 909 mul-

1072 969 1144 1017 to
1198 967 1347 1038 post
1397 966 1676 1014 mortem
1730 964 2034 1033 tempore
2093 953 2269 1030 (nam
2318 948 2564 1013 beneti-

1074 1056 1322 1121 ciorum
1372 1051 1687 1116 memoria
1736 1051 1849 1112 diu
1893 1049 2129 1113 durare
2175 1071 2309 1114 non
2358 1051 2564 1131 solet)

1071 1180 1107 1221 a
1170 1154 1367 1240 gratis
1422 1153 1679 1217 libertis
1737 1152 2104 1237 Polycarpo
2169 1166 2237 1216 et
2292 1154 2561 1234 Europe

1073 1272 1474 1324 exstructum
1510 1254 1868 1339 templum,
1923 1276 1997 1318 ac
2053 1253 2318 1319 demum
2362 1256 2447 1322 V.
2491 1254 2564 1319 C.

1071 1359 1197 1442 893
1243 1357 1479 1421 dietam
1523 1355 1861 1441 pecuniam
1908 1355 2261 1438 municipio
2299 1375 2568 1419 conces·

1072 1483 1229 1526 sam.
1292 1455 1619 1521 D'iscimus
1665 1457 1858 1535 item,
1910 1477 1985 1520 ea
2039 1478 2309 1541 quoque
2351 1469 2562 1521 aetate

1072 1563 1322 1627 licitum
1359 1559 1560 1624 fuisse
1592 1557 1882 1641 privatis,
1913 1559 1979 1620 in
2014 1558 2339 1621 honorem
2368 1557 2563 1620 etiam

1073 1684 1335 1738 eorum,
1382 1661 1493 1745 qui
1522 1659 1589 1720 in
1624 1640 1810 1721 divos
1842 1660 2035 1722 relati
2064 1678 2197 1722 non
2231 1659 2457 1737 suere,
2491 1679 2565 1722 ac

1073 1766 1302 1829 saltem
1341 1760 1690 1824 illustrium
1729 1780 2191 1844 personarum,
2239 1782 2322 1824 ex
2368 1761 2570 1847 pieta·

1071 1871 1154 1932 tis
1191 1868 1451 1932 adfectu
1489 1863 1753 1944 erigere
1787 1863 2049 1946 templa.

1159 1972 1395 2033 Filius.
1455 1964 1828 2026 Domitiano
1881 1984 1962 2025 ex
2011 1961 2299 2027 Domitia
2346 1975 2565 2025 natum

1078 2090 1224 2133 esse
1272 2067 1516 2144 filium,
1576 2079 1852 2133 testatur
1906 2064 2258 2128 Suetonius
2304 2075 2396 2140 ⁸)=
2461 2068 2570 2128 de·

1075 2172 1230 2232 inde
1256 2189 1532 2233 uxorem
1558 2170 1948 2241 Domitiam,
1975 2187 2064 2230 ex
2086 2186 2217 2246 qua
2245 2170 2320 2229 in
2342 2187 2570 2229 secun·-

1075 2274 1158 2334 do
1189 2272 1333 2350 suo}
1352 2271 1706 2332 consulatu
1731 2267 1964 2353 filium
1996 2268 2283 2344 tulerat,
2331 2267 2574 2329 altera·

1076 2391 1199 2452 que
1230 2392 1404 2433 anno
1446 2371 1985 2433 consalutaverat
2019 2371 2410 2450 Augustam
2440 2400 2467 2415 ·
2493 2401 2521 2415 -
2546 2402 2575 2416 -

1078 2473 1475 2554 repudiavit.
1532 2473 1826 2555 Apparet
1874 2490 1955 2533 ex
2000 2468 2222 2533 verbis
2273 2469 2568 2532 nonnihil

1075 2572 1363 2657 implere
1402 2572 1664 2656 positis,
1711 2573 1933 2635 locum
1977 2570 2149 2634 hunc
2202 2590 2349 2633 esse
2395 2571 2572 2634 luxa-

1075 2688 1249 2751 tum,
1339 2674 1514 2760 quod
1572 2673 1703 2757 jam
1771 2692 2104 2753 agnovere
2174 2686 2571 2737 commenta-

1076 2789 1277 2839 tores.
1357 2773 1550 2837 Addo
1601 2773 1939 2854 historiam
1989 2773 2194 2858 ipsam
2243 2773 2390 2838 fieri
2438 2795 2568 2838 am·

1074 2877 1373 2961 biguam‚
1436 2890 1502 2940 et
1548 2875 1849 2939 inductos
1895 2875 2099 2939 fuisse
2149 2876 2217 2937 in
2273 2877 2569 2945 fraudem

1080 2979 1259 3041 viros
1306 2977 1602 3042 eximios.
1663 2979 1827 3041 Nam
1878 2976 1933 3039 si
1984 2977 2187 3042 verba
2230 2981 2303 3041 in
2346 3002 2572 3042 secun·

1078 3085 1164 3143 do
1206 3102 1329 3143 sua
1354 3081 1727 3142 -consulatu
1774 3093 2109 3141 sumantur
2147 3079 2399 3164 rigide,
2466 3081 2573 3149 hic

1080 3181 1437 3246 Domitiani
1504 3179 1678 3242 filius
1739 3194 1925 3242 natus
1981 3195 2081 3243 est
2135 3204 2304 3246 anno
2371 3184 2455 3249 V.
2494 3184 2569 3247 C.

1070 3284 1245 3360 826,
1327 3303 1457 3368 quo
1525 3294 1713 3365 pater
1775 3281 2187 3345 Domitianus
2252 3285 2576 3369 processit

1086 3385 1313 3449 consul
1357 3387 1478 3459 11.,
1540 3384 1609 3444 in
1664 3404 1789 3466 qua
1846 3382 2154 3467 opinione
2203 3383 2327 3447 suit
2376 3387 2572 3448 etiam

1085 3485 1545 3560 Tillemontius
1590 3484 1680 3567 ¹³).
1778 3484 1866 3545 At
1925 3482 2098 3546 enim
2160 3499 2412 3547 certum
2476 3500 2577 3550 est

1085 3604 1169 3651 ex
1203 3586 1524 3679 Marti-ali,
1579 3605 1727 3647 eum
1760 3599 1977 3647 natum
2018 3605 2163 3649 esse
2202 3600 2337 3649 tum
2362 3634 2379 3666 ,
2426 3609 2573 3651 cum

1084 3686 1494 3750 Domitianus
1549 3684 1677 3768 jam
1743 3698 1918 3748 esset
1964 3687 2317 3769 Augustus.
2411 3691 2573 3754 Nam

1086 3789 1181 3853 sic
1237 3781 1388 3851 eum
1436 3806 1673 3852 recena
1730 3785 1796 3848 in
1853 3786 2066 3849 lucem
2128 3786 2346 3852 datum
2403 3791 2578 3855 adsa-

1086 3905 1194 3954 tur
1237 3894 1332 3967 02)=

1174 3991 1468 4057 Nascere
1498 3992 1850 4055 Dardania
1894 3992 2294 4073 promissum
2344 4015 2580 4058 nomen

2089 4093 2274 4171 Iulo,

1263 4201 1441 4262 Vera
1480 4196 1672 4258 deum
1708 4193 1995 4270 soboles,
2040 4215 2308 4258 nascere
2347 4217 2584 4280 magne

2085 4318 2272 4379 puer.

1182 4401 1310 4464 Cui
1325 4411 1524 4482 pater
1546 4410 1855 4461 aeternas
1870 4409 2025 4482 post
2052 4400 2328 4462 saecula
2353 4402 2582 4462 tradat

2086 4499 2412 4579 habenas,

2857 740 3119 826 Quique
3172 761 3366 827 regas
3421 744 3635 807 orbem
3698 762 3844 805 eum
3905 744 4172 805 seniore

3643 863 3868 909 senex.

2675 945 2862 1028 Ergo
2898 944 3221 1009 secundus
3249 943 3356 1009 hic
3389 947 3762 1012 consulatus
3793 947 4176 1030 intelligen·
4217 948 4226 953 ’

2679 1046 2799 1108 dus
2837 1060 2938 1110 est
2969 1047 3055 1123 is,
3104 1047 3214 1131 qui
3251 1048 3313 1109 ei
3347 1047 3472 1130 jam
3508 1049 3806 1133 Augusto
3844 1047 4174 1111 secundus

2676 1146 2834 1223 suin
2894 1147 3137 1233 alioqui
3187 1149 3538 1212 Suetonius
3590 1171 3673 1214 eo
3725 1149 3936 1234 capite
3985 1168 4175 1213 exse-

2679 1248 2901 1335 quitur
2973 1250 3119 1327 illa,
3192 1272 3358 1335 quae
3430 1251 3694 1336 peregit
3761 1251 4174 1314 Domitianus

2678 1351 2803 1434 jam
2862 1350 3109 1414 arbiter
3158 1351 3439 1435 imperii.
3529 1353 3750 1445 Quare
3805 1352 4178 1417 verisimili·

2677 1465 2786 1515 ter
2826 1451 2935 1514 hic
2981 1466 3166 1516 natus
3206 1467 3306 1516 est
3350 1474 3519 1517 anno
3554 1456 3637 1521 V.
3669 1455 3742 1519 C.
3780 1457 3939 1533 835,
3981 1470 4178 1540 atque

2680 1553 2803 1617 hac
2857 1554 3203 1617 occasione
3250 1555 3491 1619 factum
3538 1555 3776 1633 fuerit,
3830 1571 3902 1620 ut
3950 1556 4183 1620 Domi-

2682 1655 2835 1718 tiam
2885 1655 3242 1738 Augustam
3293 1656 3582 1732 diceret,
3636 1657 3812 1740 quod
3863 1657 3955 1718 ibi
3999 1656 4184 1720 addit

2685 1756 3072 1834 Suetonius,
3175 1770 3243 1819 et
3299 1756 3382 1820 ad
3439 1757 3613 1822 hunc
3676 1779 3912 1822 annum
3967 1757 4188 1820 refert

2683 1856 3030 1921 Eusebius.
3115 1857 3173 1919 F
3175 1857 3500 1937 alluntur,
3567 1859 3679 1943 qui
3733 1859 3908 1922 hunc
3970 1859 4186 1921 lilium

2683 1978 2766 2022 ex
2809 1957 2974 2022 Iulia
3012 1960 3149 2021 Titi
3194 1958 3326 2024 filia
3375 1959 3752 2023 Domitiano
3804 1973 4027 2022 natum
4074 1983 4193 2024 au—

2683 2072 2962 2135 tumant3
3038 2083 3185 2124 nam
3243 2050 3513 2124 nolebat
3564 2081 3648 2123 ex
3693 2060 3816 2124 hac
3869 2059 4019 2123 fieri
4076 2083 4193 2145 pa·

2685 2174 2827 2238 ter,
2900 2161 3109 2245 jussa,
3183 2163 3699 2248 quotiescunque
3762 2163 4192 2247 conciperet,

2686 2262 2937 2326 foetum
2991 2262 3300 2349 abigere,
3360 2278 3433 2326 ut
3482 2263 3546 2325 in
3599 2264 3791 2346 hujus
3838 2265 3968 2327 vita
4023 2266 4196 2328 dixi·

2688 2382 2853 2429 mus.
2931 2363 3039 2427 Ad
3094 2364 3302 2428 filium
3359 2366 3690 2429 infantem·
3726 2380 3798 2429 ut
3846 2381 4192 2445 revertar,

2689 2487 2840 2530 eum
2890 2481 3301 2550 praematura
3349 2483 3566 2532 morte
3627 2468 4056 2547 exstinctum,
4121 2486 4196 2533 et

2688 2592 2724 2632 a
2754 2581 2939 2652 patre
2974 2568 3148 2633 inter
3181 2568 3366 2633 divos
3400 2572 3715 2648 relatum,
3752 2569 3992 2635 docent
4035 2592 4192 2634 cum

2684 2670 2902 2747 numi,
2962 2683 3099 2733 tum
3147 2670 3347 2734 Silius
3395 2672 3654 2737 Italicus
3697 2672 3795 2755 t¹),
3868 2674 3980 2758 qui
4037 2695 4194 2737 cum

2683 2770 3056 2835 Domitiano
3106 2774 3433 2837 coelestes
3484 2776 3774 2838 honores
3831 2775 4197 2859 praedicit,

2688 2873 2825 2937 filio
2883 2873 3076 2938 etiam
3125 2888 3369 2939 certam
3409 2877 3476 2937 in
3511 2874 3797 2960 Olympo
3839 2877 4200 2941 stationem

2689 2974 3021 3062 adsignat,
3060 2976 3405 3039 nimirum:

3107 3062 3126 3079 ‘
3343 3079 3645 3158 solioque
3687 3080 4024 3162 Quirinus

2782 3180 3138 3255 Cone-edet,
3182 3182 3598 3261 mediumque
3622 3201 3895 3262 parens,
3925 3182 4207 3262 frater·

3075 3360 3083 3369 .
3586 3300 3712 3361 que
3747 3282 4107 3360 loe-abunt,

2782 3380 3177 3444 SIDEREI
3221 3383 3428 3460 juxta
3480 3374 3839 3445 radiabur'tt
3893 3398 4210 3467 tempora

3597 3486 3768 3546 nati.

2692 3581 2881 3647 Adde
2918 3582 3103 3647 Statii
3134 3582 3580 3648 testimonium
3611 3587 3669 3667 e)
3690 3604 3726 3665 ε,

3396 3698 3519 3749 tua
3552 3686 3749 3749 turba
3780 3686 4023 3750 relicto

2778 3788 3073 3851 Labetur
3148 3787 3331 3850 coelo
3352 3832 3372 3863 ‚
3460 3790 3888 3867 miscebitque
3959 3793 4211 3856 ascula

2781 3991 2919 4055 Ibit
2954 3994 3027 4054 in
3066 3991 3413 4072 amplexus
3444 3987 3596 4055 NA
3603 3901 3831 4069 311?va
3826 3964 4211 4075 fraterque

3266 4149 3297 4162 -
3350 4115 3363 4127 ·
3613 4106 3966 4183 paterque,

2782 4194 2876 4259 Et
2908 4207 3118 4263 sorar.

2699 4295 2851 4391 Quo
2877 4318 3046 4363 anno
3072 4310 3367 4362 mortuus
3396 4296 3509 4375 sit,
3538 4317 3668 4362 non
3702 4310 3972 4362 constat.
4019 4299 4208 4365 Eum

2694 4398 2879 4461 numi
2919 4398 3235 4466 infantem
3274 4398 3685 4485 proponunt,
3733 4416 3963 4463 verum
4014 4404 4210 4485 quod

2697 4501 2762 4564 ei
2788 4521 3031 4567 nomen
3064 4503 3298 4579 fuerit,
3343 4500 3763 4564 dissimulant.

1168 4710 1228 4780 a)
1256 4684 1422 4781 rCap.
1452 4719 1505 4770 3.
1704 4705 1778 4779 b)
1816 4706 1985 4765 Tom.
2013 4706 2085 4765 11.
2118 4694 2273 4765 P‘m.
2303 4710 2347 4767 1.
2385 4729 2446 4785 p.
2473 4720 2592 4772 105.

1093 4800 1218 4862 627.
1414 4797 1481 4867 e)
1519 4796 1584 4855 L.
1626 4795 1666 4852 1.
1706 4793 1846 4852 Silv.
1884 4793 1943 4855 1.·
1968 4808 2058 4869 99.

2796 4713 2859 4783 c)
2899 4713 2965 4772 L.
2992 4711 3122 4775 Vn.
3150 4676 3338 4791 epigr.
3364 4726 3416 4778 3.
3621 4712 3691 4785 d)
3729 4713 3937 4772 Punic.
3978 4715 4052 4774 L.
4089 4719 4204 4777 111.
