4509 5584
1458 594 1691 670 SEX.
1748 595 2368 673 POMPEIVS.

352 766 500 830 Ex.
526 764 595 832 S.
619 763 696 828 C.
748 761 1109 847 Tropaeum
1146 766 1386 829 navale
1412 765 1655 853 Scylae
1679 771 1863 833 cani·

354 871 480 931 bus
502 868 803 931 horrens.
836 866 977 929 AR.
1026 869 1226 950 (Mus.
1259 869 1478 946 caes.)

562 970 978 1039 NEPTVNI.
1041 973 1258 1054 Caput
1306 971 1600 1055 Pompeii
1633 975 1860 1055 patris

547 1091 713 1153 prae
739 1091 868 1149 quo
909 1074 1194 1150 tridens,
1237 1073 1416 1156 infra
1443 1062 1812 1156 delphinus.

362 1171 902 1266 QNAslmvs.
928 1170 1139 1236 Navis
1171 1186 1476 1256 turgente
1512 1180 1672 1252 vele,
1701 1177 1855 1254 jux-

360 1296 435 1338 ιιι
474 1290 754 1336 astrum.
794 1273 941 1337 AB.
970 1276 1166 1348 (Mus-
1198 1275 1412 1351 Caes.)

492 1378 569 1436 In
622 1374 728 1438 his
785 1375 1000 1438 numis
1056 1376 1189 1459 jem
1241 1398 1315 1442 so
1372 1379 1858 1444 IMPerutorem

358 1478 689 1538 ITERum
750 1476 1060 1561 appellat.
1147 1473 1511 1565 Imperdtor
1568 1483 1859 1564 primum

360 1579 575 1642 dictus
633 1577 895 1641 videtur
942 1598 1037 1642 ex
1092 1581 1293 1644 rebus
1348 1580 1559 1645 adbuc
1615 1580 1681 1642 in
1742 1584 1860 1644 Hi-

354 1682 585 1766 spania
628 1678 970 1765 praeclare
1029 1683 1253 1763 gestis.
1319 1684 1483 1746 Nam
1519 1702 1665 1745 cum
1707 1697 1858 1768 post

359 1785 618 1848 cladem
674 1780 1113 1845 Mundensem
1154 1785 1333 1850 vires
1376 1785 1615 1848 iterum
1654 1786 1858 1850 colle·

359 1886 603 1970 gisset,
642 1904 791 1947 cnm
824 1884 1053 1947 Asinio
1086 1885 1389 1950 Pollione
1424 1906 1816 1971 congressus
1837 1934 1855 1966 ,

357 2006 557 2073 quem
598 1990 649 2052 1.
694 1987 936 2050 Caesar
978 1986 1062 2050 ad
1115 1988 1424 2071 tuendam
1477 1988 1855 2075 Hispaniam

356 2090 661 2167 miserat,
733 2089 1059 2174 insignem
1121 2089 1461 2155 victoriam
1515 2090 1743 2155 retulit
1772 2098 1851 2173 ⁸).

356 2197 608 2256 Auctus
684 2190 926 2255 deinde
986 2212 1299 2255 numerus
1356 2213 1441 2256 ex
1492 2194 1705 2278 aliqua
1766 2190 1856 2257 ‘vi-

358 2294 568 2359 ctoria
640 2293 994 2372 maritima,
1112 2313 1388 2378 quarum
1467 2295 1692 2379 plnres
1769 2294 1853 2359 de

358 2395 706 2463 Octaviani
746 2394 1092 2458 classiariis
1135 2394 1392 2474 retulit,
1481 2395 1565 2459 de
1620 2395 1852 2481 quibus

356 2498 549 2562 infra.
674 2499 825 2560 Non
882 2495 1277 2560 omittendus
1336 2495 1468 2560 hoc
1529 2499 1680 2563 loco
1738 2521 1855 2562 nu·

356 2622 504 2663 mus
547 2597 1015 2675 Morellianus,
1060 2598 1148 2660 *in
1192 2599 1377 2683 cujus
1422 2601 1629 2664 antica
1672 2600 1849 2664 idem

357 2716 463 2766 est
499 2714 723 2786 typus,
780 2703 894 2786 qui
937 2701 1005 2768 io
1053 2700 1325 2764 donario
1372 2722 1453 2765 ex
1492 2703 1697 2767 citatis
1740 2706 1850 2769 111.

354 2801 584 2868 addito
644 2803 840 2867 etiam
899 2804 1076 2866 IMP.
1131 2804 1403 2879 ITER„
1478 2803 1547 2864 iu
1589 2824 1851 2868 aversa:
1886 2790 1903 2795 ’

358 2906 540 2969 mP.
598 2905 799 2968 TER.
878 2907 1271 2987 Tropaeum.
1366 2906 1536 2966 Eum
1607 2907 1856 2970 Hater-

357 3028 626 3090 cempus
684 3004 896 3069 refert
947 3004 1029 3067 ad
1087 3006 1423 3070 victoriam
1480 3006 1561 3071 sd
1606 3010 1856 3071 Tauro·

356 3109 679 3183 menium,
732 3126 813 3169 ex
857 3129 1017 3192 qna,
1079 3123 1153 3170 ut
1193 3108 1294 3170 illi
1337 3109 1628 3186 videtur,
1673 3111 1852 3173 ΙΜΡ.

358 3212 564 3276 TER.
624 3210 825 3273 fuerit
885 3209 1333 3293 compeuatus.
1439 3211 1526 3272 At
1581 3194 1854 3291 mirum,

358 3313 633 3375 Sextum
722 3312 791 3371 in
878 3310 1116 3373 eodem
1193 3303 1393 3374 nn'mo
1471 3309 1599 3375 dici
1672 3315 1853 3381 IMP.

356 3415 595 3477 ITER.
658 3426 725 3477 ct
752 3414 929 3474 IMP.
958 3414 1159 3478 TER.
1215 3415 1285 3476 Si
1314 3413 1689 3495 reflexisset
1723 3416 1856 3478 ani-

356 3537 537 3579 mum
580 3515 661 3579 ad
709 3537 977 3578 numum
1020 3516 1195 3582 VIII.
1252 3515 1468 3579 tabula
1500 3519 1582 3583 V.
1640 3518 1854 3600 gentis

356 3618 685 3683 Antoniae
707 3616 879 3702 apud
908 3615 1284 3680 Morellium
1304 3662 1322 3693 ,
1350 3617 1638 3697 vidisset,
1672 3641 1854 3683 aver-

358 3743 501 3785 sam
528 3721 720 3805 hujus
753 3719 1002 3781 denarii
1034 3718 1116 3782 ad
1141 3721 1234 3784 M.
1264 3719 1618 3783 Antonium
1656 3723 1851 3805 perti-

358 3843 560 3900 nere,
599 3843 794 3908 quem
838 3821 1003 3884 adeo
1036 3822 1145 3886 vix
1191 3820 1482 3887 dubitem
1521 3844 1602 3886 ex
1627 3824 1848 3887 subae-

359 3924 520 3988 ratis
556 3944 757 3986 unum
786 3936 953 3987 esse.
992 3925 1139 3986 Non
1168 3944 1333 4008 ergo
1372 3946 1455 3988 ex
1488 3925 1617 3990 hoc
1652 3948 1851 3990 numo

359 4026 551 4110 argui
583 4038 834 4108 potest,
875 4025 1142 4089 Sextum
1183 4028 1380 4090 tertio
1418 4027 1619 4092 fuisse
1650 4029 1852 4091 aocla-

359 4141 605 4193 mutum
632 4126 1123 4212 imperatorem.

486 4230 973 4293 PRAEFectus
1068 4230 1390 4294 CLASsis
1481 4230 1851 4295 ETORAE

362 4332 827 4395 MARITimae
862 4333 999 4395 Ex,
1034 4331 1099 4395 S.
1134 4332 1207 4393 C.
1246 4333 1313 4394 in
1353 4333 1685 4417 plerisque
1723 4335 1853 4397 suis

354 4426 574 4498 nuntiis
611 4432 875 4500 dicitnr.
926 4433 1248 4495 Nimirum
1299 4434 1471 4501 victo
1519 4449 1664 4518 post
1699 4436 1856 4498 Cae·

424 4771 491 4842 a)
526 4769 645 4828 nio
672 4768 743 4824 1..
770 4763 949 4821 va.
985 4766 1032 4837 §-
1058 4726 1144 4825 ια’.

356 4859 423 4934 d)
460 4862 527 4919 L.
557 4855 837 4917 xtvm.
867 4857 912 4928 §-
936 4866 1018 4927 19.
1055 4863 1226 4919 0142.

1327 4763 1397 4837 b)
1437 4764 1501 4824 L.
1529 4764 1702 4823 XLV.
1739 4778 1821 4825 ι’).
1859 4765 1922 4825 L.
1951 4764 2300 4851 XLV11212.
2338 4764 2404 4821 1..
2429 4761 2689 4823 XLVIII.
2723 4778 2803 4827 17.

1411 4857 1473 4928 c)
1512 4854 1657 4912 Bell.
1690 4854 1799 4912 civ.
1828 4854 1894 4911 L.
1922 4856 1994 4919 V.
2024 4876 2073 4914 c.
2096 4870 2218 4920 100.

3365 623 3460 701 29

1971 766 2134 832 saris
2172 765 2424 832 ‘necem
2464 768 2691 834 Asinio
2733 768 3038 845 Pollione
3061 814 3080 849 ,
3136 785 3210 857 ut
3265 795 3461 860 supra

1972 870 2290 949 diximus,
2360 892 2510 935 cum
2553 885 2905 956 augeretur
2947 869 3091 956 ejus
3132 877 3460 958 potentia,

1969 973 2290 1057 perfecit,
2340 987 2408 1063 ut
2454 994 2538 1037 ex
2586 974 2651 1039 S.
2700 975 2772 1038 C.
2809 993 2948 1037 -non
2989 974 3187 1039 modo
3232 998 3345 1041 sua
3380 978 3462 1041 si·

1970 1072 2041 1136 hi
2085 1076 2252 1138 bona
2297 1073 2772 1151 redderentur,
2835 1076 2954 1138 sed
2995 1074 3190 1141 etism
3234 1080 3458 1143 classis

1958 1174 2318 1261 ‘imperium
2361 1177 2914 1254 committeretur,
2975 1196 3103 1261 quo
3148 1178 3271 1241 etsi
3316 1181 3462 1240 sub·

1971 1277 2125 1342 inde
2169 1291 2406 1360 agente
2454 1274 2811 1343 Octaviano
2852 1277 3255 1360 privaretur,
3300 1278 3459 1340 clos·

1973 1400 2112 1443 sem
2155 1378 2428 1443 retinuit
2468 1390 2716 1457 tamen,
2760 1398 3039 1462 cumque
3091 1399 3241 1442 sese
3286 1380 3463 1464 paul-

1972 1481 2042 1545 lo
2090 1496 2236 1564 post
2275 1480 2715 1566 proscriptum
2759 1481 3201 1566 htelligeret,
3272 1500 3463 1545 occu·

1968 1596 2117 1666 pata
2158 1572 2470 1647 continuo
2513 1583 2738 1648 Sicilia
2777 1581 2910 1646 vim
2957 1581 3296 1666 opposuit,
3357 1602 3462 1645 su·

1968 1705 2166 1768 esque
2219 1684 2483 1748 fortiter
2523 1685 2696 1747 ultus
2725 1683 2990 1767 injurias
3030 1704 3150 1747 seu
3182 1683 3464 1748 interce-

1965 1785 2095 1869 ptis
2151 1785 2420 1849 navibus
2478 1786 2953 1863 frumentariis,
3033 1806 3151 1849 seu
3192 1786 3459 1867 multata

1967 1887 2313 1972 aliquoties
2373 1886 2714 1950 Octaviani
2767 1888 2981 1951 classe
3024 1886 3307 1970 perfecit
3349 1886 3461 1949 de·

1966 1988 2203 2074 nique,
2248 2001 2322 2050 ut
2354 1988 2569 2051 IIIviri
2601 1988 2781 2070 pacis
2820 2009 2969 2052 cum
3017 1982 3102 2053 e'o
3145 1989 3468 2053 conditio-

1967 2110 2087 2154 nes
2130 2089 2299 2153 inire
2344 2103 2775 2171 cogerentur,
2824 2103 2895 2152 ut
2936 2089 3259 2174 principio
3305 2088 3459 2153 dixi.

1960 2194 2132 2256 Cum
2161 2192 2361 2276 igitur
2391 2191 2630 2254 Sextus
2660 2191 2885 2275 priore
2917 2205 3176 2283 senatus
3206 2192 3466 2256 consul-

1964 2308 2036 2358 to
2087 2306 2324 2371 staret,
2369 2292 2668 2376 perrexit
2703 2294 3021 2375 praefecti
3057 2294 3280 2357 classis
3314 2294 3462 2357 titu-

1967 2398 2103 2460 lum
2147 2395 2359 2458 numis
2394 2396 2523 2458 suis
2559 2394 2946 2460 inscribere.
3011 2394 3182 2464 Vide
3227 2394 3310 2458 de
3357 2396 3461 2458 his

1966 2500 2251 2563 Dionem
2284 2496 2388 2580 b),
2421 2511 2490 2559 et
2519 2497 2853 2565 Velleium
2884 2498 2965 2578 ο).
3026 2498 3132 2559 Ad
3165 2499 3294 2563 hoc
3335 2520 3465 2563 ma·

1961 2604 2059 2664 ris
2097 2600 2485 2685 imperium,
2547 2612 2683 2661 tum
2715 2613 2783 2662 et
2821 2598 3126 2663 victorias
3160 2600 3322 2662 mari
3359 2622 3465 2664 re·

1968 2702 2128 2766 latas
2182 2700 2432 2765 adludit
2481 2701 2794 2785 frequens
2823 2701 2891 2762 in
2936 2701 3119 2765 Sexti
3151 2696 3459 2766 'denariis

1967 2818 2156 2889 typus
2186 2805 2509 2887 Neptuni,
2550 2816 2660 2866 eut
2686 2802 2889 2867 navis.
3163 2802 3166 2803 ⁷

2093 2907 2488 2972 NEPTVNI
2515 2904 2824 2986 scriptum
2855 2900 3032 2986 juxta
3061 2917 3250 2987 capnt
3267 2904 3460 2968 Pom-

1967 3009 2102 3092 peji
2132 3011 2223 3070 M.
2251 3051 2268 3085 ‚
2330 3019 2397 3070 et
2431 3004 2788 3088 legendum
2819 3006 3210 3072 NEPTVNI
3224 3003 3458 3088 filius,

1968 3130 2163 3193 quem
2191 3128 2264 3170 se
2289 3128 2434 3170 esse
2466 3108 2800 3191 professus
2833 3121 2930 3170 est
2950 3109 3206 3170 Sextus.
3238 3106 3462 3167 Enim-

1967 3233 2131 3277 vero
2163 3223 2334 3275 testo
2364 3209 2580 3273 Dione
2614 3208 2676 3293 d)
2709 3223 2777 3273 et
2811 3209 3107 3294 Appiano
3138 3211 3195 3287 ιΒ)
3225 3229 3313 3270 ex
3344 3208 3460 3269 ali-

1970 3328 2129 3398 quot
2164 3312 2468 3378 secundis
2502 3312 2665 3376 mari
2696 3311 3005 3376 adversus
3033 3312 3462 3375 Octavianum

1968 3416 2377 3479 successibus
2415 3414 2580 3479 adeo
2608 3414 2861 3485 animos⁴
2887 3413 3149 3491 extulit,
3185 3427 3257 3476 ut
3285 3414 3480 3497 Περ--

1967 3517 2113 3578 tuni
2126 3537 2197 3596 se
2215 3517 2420 3580 filium
2438 3519 2650 3603 pelam
2666 3518 2897 3596 ferret,
2914 3517 3262 3601 praecipue
3283 3516 3461 3601 quod

1968 3631 2036 3681 et
2067 3632 2257 3702 pater
2295 3621 2436 3704 ejus
2474 3621 2821 3704 imperium
2859 3617 3180 3704 quondam
3220 3614 3464 3680 mariti·

1966 3740 2141 3782 mum
2183 3722 2547 3799 habuisset,
2592 3740 2715 3806 pro
2758 3723 3040 3806 puniceo
3079 3717 3459 3784 caeruleum

1963 3823 2490 3905 paludamentum
2526 3836 2850 3900 sumeret,
2890 3836 2956 3885 et
2999 3842 3204 3904 equos
3252 3823 3457 3889 viros·-

1965 3946 2092 4009 que
2116 3925 2300 3989 vivos
2331 3927 2400 3988 in
2432 3948 2609 3989 mere
2636 3925 2970 4008 abjiceret.
2998 3923 3101 3985 Ad
3125 3924 3292 3987 hanc
3316 3925 3455 4003 ejus

1961 4027 2160 4090 enimi
2193 4028 2642 4112 impotentiam
2677 4022 2914 4091 adlusit
2942 4027 3253 4091 Horatius
3296 4025 3375 4108 s):

2098 4133 2193 4194 Vt
2238 4152 2446 4215 nuper
2480 4142 2671 4193 actus
2707 4149 2861 4192 cum
2884 4132 3079 4214 freto
3118 4127 3456 4191 NEPTV·

1986 4222 1991 4229 ⁵
3070 4227 3236 4294 NIV
3239 4229 3291 4294 S

2170 4333 2396 4417 *DVX
2408 4335 2608 4416 fugit
2649 4323 2821 4393 ustis
2863 4332 3159 4393 navibus.

1966 4432 2219 4497 Eadem
2269 4434 2510 4497 insania
2549 4434 2679 4518 jam
2722 4431 2879 4496 olim
2916 4432 3154 4511 Clitus,
3201 4447 3453 4518 postea·

2991 4768 3054 4839 c)
3084 4769 3147 4825 L.
3181 4767 3252 4825 11.
3286 4785 3334 4823 c.
3356 4777 3450 4829 75·

2402 4853 2457 4929 s)
2495 4853 2686 4930 Epod.
2716 4853 2816 4911 lx.
2843 4866 2898 4916 7.

2383 4949 2403 4983 ι
