4509 5584
1007 560 1108 632 24

1024 736 1291 792 numos,
1347 713 1917 800 dispensatosque,
1985 712 2098 776 uhi
2152 726 2222 779 ct
2264 715 2516 781 bellum

1023 818 1218 883 civile
1249 817 1453 902 gessit
1484 818 1748 895 Brutus,
1791 816 2332 903 frequentiusque
2364 840 2516 904 pro·

1024 933 1252 1004 pterea
1283 940 1456 982 nunc
1494 918 1594 981 ihi
1634 918 1945 1003 reperiri.
2018 918 2326 1005 Signatae
2357 941 2516 1006 quo-

1025 1017 1153 1109 que
1192 1022 1382 1085 Bruti
1418 1034 1488 1084 et
1529 1021 1732 1085 Cassii
1773 1012 2039 1084 nomine
2090 1035 2394 1105 monetae
2428 1041 2512 1086 ex

1022 1123 1334 1189 collatitio
1384 1143 1580 1202 auro,
1637 1136 1706 1186 et
1753 1136 2028 1209 argento
2085 1122 2240 1186 alibi
2294 1124 2526 1188 memi-

1024 1225 1124 1288 nit
1170 1224 1504 1308 Appianus
1536 1225 1619 1307 ⁸).
1695 1225 1999 1311 Denique
2043 1224 2334 1288 additum
2382 1246 2521 1289 mo-

1020 1347 1399 1412 nogramma
1445 1328 1503 1388 L
1546 1328 1607 1387 B
1645 1326 1839 1391 facile
1899 1329 1977 1389 1..
2027 1330 2308 1391 Brutum
2375 1324 2524 1412 'pri-

1022 1450 1199 1493 mum
1242 1428 1582 1493 consulem
1634 1427 1809 1491 inter
1847 1427 2118 1492 lictores
2152 1428 2524 1514 procui-en·-

1023 1540 1157 1596 tein
1194 1531 1454 1611 indicat.
1529 1529 1783 1624 Quibus
1827 1529 2131 1612 expensis
2178 1529 2389 1594 causis
2423 1531 2519 1612 ju-

1020 1653 1098 1697 re
1148 1654 1382 1697 numos
1433 1632 1557 1696 hos
1600 1631 1785 1695 Cosis
1829 1632 2125 1695 Etruscis
2173 1629 2516 1717 ademptos

1022 1735 1206 1819 genti
1274 1733 1495 1797 Iuniae
1571 1732 2009 1802 restituimus.
2092 1735 2515 1799 Neumannus

1023 1855 1141 1899 eos
1199 1855 1396 1919 posse
1455 1833 1657 1898 tribui
1705 1836 1982 1898 Cosseae
2025 1835 2348 1900 Thraciae
2408 1857 2519 1898 ur-

1022 1936 1330 2014 heculae,
1405 1956 1595 2019 quam
1675 1949 2037 2018 memorat,
2098 1938 2469 2022 Stephanus
2494 1982 2516 2016 ,

1021 2037 1342 2119 conjecit,
1385 2035 1505 2100 sed
1549 2036 1672 2114 sic,
1717 2051 1791 2100 ut
1831 2022 2025 2105 facile
2067 2052 2319 2123 pateat,
2362 2060 2519 2104 eum

1020 2138 1104 2202 ad
1144 2140 1312 2203 hanc
1355 2137 1731 2224 opinionem
1770 2140 2163 2206 necessitate
2217 2140 2515 2206 adactum

1018 2240 1436 2308 inclinavisse
1466 2239 1554 2323 l’).

1534 2391 1578 2429 ὗ
1746 2344 1787 2385 Ο

1956 2390 1997 2429 fi

1303 2462 1569 2531 BRVT·
1597 2465 1776 2530 rMP.
1804 2463 1885 2551 L.
1911 2464 2230 2529 PLAE'P.
2267 2462 2513 2527 CEST.

1311 2566 1527 2647 Caput
1556 2567 1667 2631 Μ.
1696 2566 1905 2629 Bruti
1934 2569 2190 2629 nudum
2221 2569 2516 2631 modeste

1038 2688 1047 2698 ·
1303 2659 1688 2733 barbatum

1017 2768 1195 2835 Em.
1224 2769 1442 2833 MAR.
1485 2769 1712 2832 Pileus
1746 2768 2091 2833 libertatis
2120 2771 2300 2833 inter
2350 2768 2522 2830 duos

1013 2873 1362 2955 pugiones.
1401 2869 1543 2932 AR.
1578 2873 1780 2952 (Mus.
1816 2870 2038 2951 Caes).

1305 2972 1777 3038 LIBERTA-S.
1822 2974 2042 3061 Caput
2078 2960 2477 3035 Libertatis.

1021 3074 1097 3135 P.
1139 3075 1222 3137 R.
1263 3075 1520 3140 REST.
1576 3079 1650 3137 in
1701 3076 1898 3140 aliis:
1958 3074 2372 3142 RESTITV.
2420 3074 2528 3136 Pi-

1020 3177 1167 3239 lcus
1192 3177 1532 3239 libertatis
1559 3179 1738 3239 inter
1768 3178 1935 3240 duos
1959 3180 2307 3261 pugiones.
2384 3176 2524 3238 AB.

1028 3278 1227 3357 (Mus.
1260 3276 1473 3352 Caes.)

1052 3384 1057 3393 ‘
1155 3379 1259 3441 En
1289 3377 1649 3463 pugiones,
1694 3375 1994 3441 funestae
2033 3375 2258 3441 caedis
2289 3376 2534 3440 instru-

1029 3486 1282 3559 menta,
1358 3480 1427 3541 in
1482 3478 1826 3542 rarissimis
1886 3478 1989 3541 his
2045 3477 2330 3543 denariis
2371 3498 2526 3563 pro·

1027 3583 1276 3667 positos
1295 3626 1315 3659 ,
1346 3600 1509 3666 quos
1545 3578 1862 3644 libertatis
1890 3580 2159 3646 obtentu
2177 3600 2311 3643 non
2341 3578 2527 3641 dubi-

1026 3686 1185 3748 tavit
1215 3684 1490 3761 Brutus,
1519 3682 1839 3759 Caesaris,
1872 3682 2047 3768 quod
2076 3684 2157 3747 ad
2186 3704 2260 3746 se
2297 3683 2530 3749 attine-

1025 3786 1159 3863 bat,
1191 3784 1276 3850 de
1308 3805 1391 3848 se‘
1413 3783 1659 3869 optime
1688 3782 1917 3849 meriti.
1944 3785 2255 3870 sanguine
2289 3803 2529 3848 cruen-

1027 3896 1189 3951 tare·
1208 3887 1412 3969 sacto
1468 3891 1669 3973 pius,
1716 3899 1783 3950 et
1837 3887 2207 3950 sceleratus
2272 3889 2515 3949 eodem.

1027 3988 1388 4053 Densi-ium
1444 3988 1737 4074 priorem
1793 3987 2059 4072 jubente
2122 3988 2269 4072 ipso
2310 3989 2519 4053 Bruto

1027 4108 1413 4176 percussum
1470 4090 1736 4155 tradidit
1791 4089 1957 4168 Dio,
2035 4089 2219 4174 cujus
2277 4090 2518 4167 verba,

1031 4194 1335 4279 quoniam
1377 4192 1711 4279 cimelium
1760 4191 1932 4257 istud
1980 4191 2340 4256 secundum
2379 4186 2519 4255 'om-

1029 4317 1150 4359 nes
1191 4296 1423 4361 modos
1475 4296 1786 4381 graphice
1836 4290 2253 4372 describunt,
2302 4295 2522 4380 placet
2547 4352 2562 4360 .

1031 4411 1306 4483 utraque
1350 4398 1572 4482 lingua
1615 4416 2032 4482 proponere:
2101 4422 2201 4459 και
2229 4395 2298 4472 ἐς
2325 4421 2407 4460 τοι
2434 4419 2526 4460 »o-

2224 544 2324 621 M.
2393 546 2905 626 BRVTVS.

2629 726 2866 802 πολιᾶν,
2898 719 3139 811 ξιφιδια
3161 747 3236 790 τι
3258 720 3366 792 δυο
3392 725 3695 809 inmota,
3731 724 3938 809 δηλῶν
3957 731 4023 797 ἔτι
4059 746 4140 795 ‘Pe'

2629 848 2840 891 τουτον
2870 854 2970 891 mu
3005 826 3112 891 δια
3137 853 3257 895 των
3288 855 3702 920 ιγςαμματων,
3752 832 3849 899 ὅτι
3878 854 4127 911 τηνικα-

2627 923 2816 1011 τςι-δα
2856 953 3018 1013 μετα
3047 953 3156 994 του
3198 934 3491 998 Κασσιου
3531 934 3955 1017 ἧλιυθερωκως
3993 934 4128 1014 ἕιη,

2627 1036 2831 1123 etiarn
2851 1037 3092 1111 numis,
3106 1034 3637 1120 quos-feriando:
3652 1043 3938 1119 curavit,
3960 1040 4129 1103 ima·

2628 1136 2860 1217 ginem
2887 1156 3114 1211 suam,
3141 1139 3557 1221 pileumque,
3592 1153 3660 1205 et
3690 1143 3861 1207 duos
3890 1143 4130 1226 pugio-

2632 1257 2750 1300 πω
2784 1238 3160 1320 impressit,
3206 1251 3365 1324 typo
3406 1241 3537 1302 hoo
3582 1252 3653 1306 ee
3694 1244 4129 1325 inscriptione

2632 1338 3008 1419 declarans,
3042 1362 3188 1403 sese
3211 1360 3348 1402 una
3373 1362 3523 1406 cum
3561 1342 3793 1408 Cassio
3829 1346 4128 1428 patriam

2629 1437 2950 1502 liberasse
3007 1448 3085 1515 θ).
3199 1440 3581 1527 Epigraphe
3659 1443 3837 1510 EID.
3910 1446 4127 1507 MAR.
4173 1510 4186 1519 .

2629 1538 2907 1605 feralem
2962 1541 3137 1604 diem
3204 1546 3361 1605 idas
3406 1547 3702 1609 Martias
3735 1547 4131 1632 eloquitur,

2632 1661 2763 1727 quo
2793 1641 2982 1707 triste
3015 1642 3434 1726 parricidium
3467 1646 3838 1729 perfectum
3866 1662 3988 1716 est.
4056 1653 4129 1713 In

2631 1743 2902 1808 denario
2966 1746 3176 1808 altero
3252 1747 3587 1833 utriusque
3637 1749 3830 1813 faciei
3878 1749 4136 1835 epigra-
4175 1746 4184 1753 ’

2632 1844 2813 1930 plzen
2871 1846 3394 1932 conjungendam
3449 1863 3665 1934 patet,
3719 1852 4026 1914 nimirum
4060 1866 4135 1916 ut

2632 1969 2862 2011 sensus
2897 1949 3017 2012 sit:
3073 1952 3381 2016 Libertas
3396 1954 3644 2036 populi
3671 1955 3754 2017 R.
3789 1958 4132 2020 restituta.

2630 2050 2768 2113 Has
2794 2048 2938 2113 idus
2968 2052 3234 2116 Martias
3264 2054 3618 2137 appellatas
3651 2055 3851 2118 fuisse
3883 2060 4138 2138 parici-

2632 2152 2816 2214 dium
2841 2197 2861 2231 ,
2902 2150 3037 2214 dixi
3070 2173 3263 2237 supra
3309 2157 3376 2217 in
3409 2156 3618 2221 titulis
3644 2160 3694 2224 1.
3736 2157 4053 2221 Caesaris.
4177 2166 4184 2175 '

3363 2257 3403 2295 s

3156 2300 3195 2338 s»
3574 2306 3610 2342 a

2762 2351 2848 2446 Q.
2873 2358 2904 2431 ἒξ
2932 2352 3285 2449 CAEPlo,
3346 2358 3723 2427 BRVTVS.
3785 2360 3962 2425 1MP.
4028 2360 4136 2423 vel

2633 2454 3010 2520 PROCOS.

2761 2557 2885 2619 His
2929 2554 3298 2621 nominibus
3346 2561 3441 2624 M.
3478 2561 3697 2625 Iunius
3743 2562 3987 2626 Brutus
4015 2581 4133 2624 no·

2637 2671 2774 2722 ster
2817 2658 3203 2743 frequenter
3243 2659 3314 2721 in
3368 2663 3576 2726 numis
3622 2676 3922 2742 notatur,
3962 2684 4131 2747 quae

2640 2762 2836 2825 etiam
2908 2784 2944 2824 a
3005 2762 3339 2825 veteribus
3408 2763 3896 2832 confirmantur.
3977 2765 4138 2830 Om-

2638 2862 2817 2925 nium
2878 2863 3186 2947 princeps
3247 2866 3432 2928 testis
3498 2881 3643 2930 esto
3702 2867 3977 2945 Cicero,
4022 2869 4138 2952 qui

2640 2985 2789 3029 eum
2837 2966 2907 3027 in
2949 2965 3080 3029 fine
3121 2967 3532 3053 Philippicae
3578 2970 3659 3034 X.
3699 2969 3998 3053 repetitis
4041 2970 4138 3035 vi-

2640 3067 2821 3131 cibus
2884 3068 2968 3151 Q.
3024 3070 3411 3151 Caepionem
3461 3072 3747 3133 Brutum
3776 3093 4139 3153 proconsu-

2638 3170 2769 3232 lem
2808 3171 3112 3253 appellat.
3154 3172 3257 3234 Ex
3291 3192 3420 3256 quo
3447 3185 3700 3236 certum
3729 3170 3837 3250 fit,
3871 3171 4138 3258 adopta·

2635 3283 2776 3334 tum
2831 3293 2981 3335 eum
3030 3271 3233 3337 fuisse
3276 3297 3312 3336 a
3345 3272 3428 3367 Q.
3465 3275 3747 3340 Servilio
3780 3275 4134 3361 Caepione,

2638 3373 2752 3459 qui
2829 3373 2953 3435 fuit
3039 3374 3181 3458 ejus
3251 3397 3378 3460 per
3442 3376 3790 3441 Serviliam
3860 3391 4137 3442 matrem

2636 3475 3012 3540 avunculus.
3066 3479 3154 3539 At
3184 3499 3316 3541 non
3353 3499 3541 3542 more
3578 3493 3930 3559 consueto,
3982 3501 4139 3564 pro·

2637 3576 2833 3641 ducto
2893 3597 3132 3662 nempe
3193 3581 3407 3663 gentis
3465 3582 3775 3656 nomine,
3835 3602 3908 3646 se
3972 3580 4168 3645 dixit«

2633 3681 3033 3758 Iunianum,
3088 3679 3264 3744 forte
3315 3682 3491 3765 quod
3546 3681 3784 3763 eodem
3833 3697 4134 3768 temporo

2631 3781 2761 3866 jam
2806 3783 2933 3847 fuit
2977 3783 3245 3848 Crassus
3276 3785 3610 3862 Iunianus,
3673 3785 3794 3849 sed
3830 3786 4140 3871 adoptan-

2635 3884 2718 3948 tis
2762 3905 3131 3971 cognomen
3173 3890 3414 3972 Caepio
3447 3887 3606 3952 sede
3640 3902 3886 3953 motum
3916 3890 3985 3951 in
4015 3909 4135 3953 no·

2634 4009 2789 4053 men
2833 3991 3069 4069 vertit,
3125 4003 3387 4055 retento
3424 4010 3542 4054 suo
3575 3991 3767 4054 Bruti
3799 3991 4135 4077 cognomi·

2633 4110 2741 4154 ne.
2805 4091 3110 4158 Advertit
3151 4092 3346 4156 etiam
3381 4092 3554 4158 istud
3602 4107 3833 4157 auctor
3869 4098 3952 4159 de
3998 4095 4133 4157 Ra·

2636 4200 2816 4257 tione
2853 4198 3249 4271 nominum,'
3282 4195 3394 4282 qui
3427 4196 3573 4263 Val.
3613 4196 3900 4260 Maximo
3935 4194 4133 4280 subji-

2635 4295 2696 4359 ci
2731 4297 2908 4362 solet
2933 4295 3030 4379 d),
3064 4301 3228 4374 quin
3255 4303 3498 4375 etiam,
3526 4297 3764 4384 inquit,
3800 4301 4124 4381 quaedam

2635 4401 3031 4481 cognomina
3065 4402 3137 4462 in
3175 4421 3411 4462 nomen
3444 4421 3636 4464 versa
3665 4412 3825 4463 eunt
3860 4413 3936 4460 ut
3972 4400 4133 4461 Cae-

1032 4508 1352 4584 μισματα,
1394 4497 1436 4562 oi
1469 4497 1786 4577 ‘'none-m,
1821 4498 2016 4564 ἔικονα
2040 4524 2115 4563 τε
2148 4497 2376 4578 ἅπτου,
2415 4488 2534 4560 καί
2626 4503 2777 4584 pio,
2790 4520 3067 4580 namque
3091 4502 3218 4563 Ιιοσ
3242 4501 3317 4563 in
3349 4502 3565 4566 Bruto
3592 4502 3884 4565 nominis
3910 4501 4130 4564 locum

1110 4814 1173 4885 a)
1198 4810 1344 4869 Bell.
1378 4811 1485 4869 civ.
1512 4810 1664 4869 L.V.
1695 4829 1746 4869 c.
1770 4813 1826 4875 6.
1925 4810 1997 4883 b)
2035 4811 2208 4870 Num.
2236 4831 2380 4891 pop.
2411 4811 2478 4869 Ρ.
2496 4811 2570 4870 11.
2597 4830 2660 4889 p.
2683 4821 2801 4877 128.
2905 4814 2967 4886 c)
2999 4811 3064 4871 1..
3090 4810 3324 4873 XLVII.
3353 4812 3400 4885 §.
3426 4823 3516 4875 25.
3621 4813 3692 4884 d)
3726 4830 3861 4892 pag.
3895 4833 3970 4872 m.
4003 4823 4128 4879 8⁶27.
