<?xml version="1.0" encoding="UTF-8"?>
<!DOCTYPE html PUBLIC "-//W3C//DTD XHTML 1.0 Transitional//EN"
    "http://www.w3.org/TR/xhtml1/DTD/xhtml1-transitional.dtd">
<html xmlns="http://www.w3.org/1999/xhtml" xml:lang="en" lang="en">
 <head>
  <title>
</title>
<meta http-equiv="Content-Type" content="text/html;charset=utf-8" />
  <meta name='ocr-system' content='tesseract 3.04.00' />
  <meta name='ocr-capabilities' content='ocr_page ocr_carea ocr_par ocr_line ocrx_word'/>
</head>
<body>
  <div class='ocr_page' id='page_1' title='image "./doctrinanumorum00unkngoog_0404.png"; bbox 0 0 4509 5584; ppageno 0'>
   <div class='ocr_carea' id='block_1_1' title="bbox 1175 490 3118 646">
    <p class='ocr_par' dir='ltr' id='par_1_1' title="bbox 1175 490 3118 646">
     <span class='ocr_line' id='line_1_1' title="bbox 1175 490 3118 646; baseline -0.01 1"><span class='ocrx_word' id='word_1_1' title='bbox 1175 572 1315 646; x_wconf 79' lang='lat'>508</span> <span class='ocrx_word' id='word_1_2' title='bbox 1834 490 1915 609; x_wconf 53' lang='lat'>··</span> <span class='ocrx_word' id='word_1_3' title='bbox 2337 552 3118 631; x_wconf 82' lang='lat' dir='ltr'><strong>DOMITIANVS.</strong></span> 
     </span>
    </p>
   </div>
   <div class='ocr_carea' id='block_1_2' title="bbox 1110 724 4227 1434">
    <p class='ocr_par' dir='ltr' id='par_1_2' title="bbox 1110 724 4226 1115">
     <span class='ocr_line' id='line_1_2' title="bbox 1183 724 4224 815; baseline -0.001 -22"><span class='ocrx_word' id='word_1_4' title='bbox 1183 730 1337 815; x_wconf 84' lang='lat' dir='ltr'>ejus.</span> <span class='ocrx_word' id='word_1_5' title='bbox 1374 746 1633 813; x_wconf 84' lang='lat' dir='ltr'>quoque</span> <span class='ocrx_word' id='word_1_6' title='bbox 1692 726 1863 790; x_wconf 83' lang='lat' dir='ltr'>filios</span> <span class='ocrx_word' id='word_1_7' title='bbox 1917 744 2281 807; x_wconf 83' lang='lat' dir='ltr'>agnoscere</span> <span class='ocrx_word' id='word_1_8' title='bbox 2339 724 2670 790; x_wconf 88' lang='lat' dir='ltr'>Caesares.</span> <span class='ocrx_word' id='word_1_9' title='bbox 2872 725 3121 788; x_wconf 83' lang='lat' dir='ltr'>Omnes</span> <span class='ocrx_word' id='word_1_10' title='bbox 3185 724 3256 787; x_wconf 84' lang='lat' dir='ltr'>hi</span> <span class='ocrx_word' id='word_1_11' title='bbox 3316 726 3498 788; x_wconf 86' lang='lat' dir='ltr'>numi</span> <span class='ocrx_word' id='word_1_12' title='bbox 3549 738 3732 788; x_wconf 88' lang='lat' dir='ltr'>certe</span> <span class='ocrx_word' id='word_1_13' title='bbox 3786 725 3916 791; x_wconf 81' lang='lat' dir='ltr'>boc</span> <span class='ocrx_word' id='word_1_14' title='bbox 3965 747 4114 791; x_wconf 85' lang='lat' dir='ltr'>anno</span> <span class='ocrx_word' id='word_1_15' title='bbox 4158 729 4224 791; x_wconf 86' lang='lat' dir='ltr'>si-</span> 
     </span>
     <span class='ocr_line' id='line_1_3' title="bbox 1174 818 4225 914; baseline 0 -21"><span class='ocrx_word' id='word_1_16' title='bbox 1174 818 1386 907; x_wconf 68' lang='lat' dir='ltr'>Vide,</span> <span class='ocrx_word' id='word_1_17' title='bbox 1440 848 1604 914; x_wconf 89' lang='lat' dir='ltr'>quae</span> <span class='ocrx_word' id='word_1_18' title='bbox 1644 827 1834 912; x_wconf 83' lang='lat' dir='ltr'>plura</span> <span class='ocrx_word' id='word_1_19' title='bbox 1865 828 1932 889; x_wconf 91' lang='lat' dir='ltr'>in</span> <span class='ocrx_word' id='word_1_20' title='bbox 1970 828 2375 912; x_wconf 73' lang='lat' dir='ltr'>Vespasiano</span> <span class='ocrx_word' id='word_1_21' title='bbox 2419 827 2501 892; x_wconf 87' lang='lat' dir='ltr'>ad</span> <span class='ocrx_word' id='word_1_22' title='bbox 2540 827 2670 892; x_wconf 87' lang='lat' dir='ltr'>hoc</span> <span class='ocrx_word' id='word_1_23' title='bbox 2787 827 2964 911; x_wconf 81' lang='lat' dir='ltr'>gnati</span> <span class='ocrx_word' id='word_1_24' title='bbox 3022 840 3207 903; x_wconf 86' lang='lat' dir='ltr'>sunt,</span> <span class='ocrx_word' id='word_1_25' title='bbox 3274 829 3422 913; x_wconf 84' lang='lat' dir='ltr'>quia</span> <span class='ocrx_word' id='word_1_26' title='bbox 3466 826 3901 912; x_wconf 71' lang='lat' dir='ltr'>Vespasianus</span> <span class='ocrx_word' id='word_1_27' title='bbox 3941 828 4004 888; x_wconf 90' lang='lat' dir='ltr'>in</span> <span class='ocrx_word' id='word_1_28' title='bbox 4039 829 4114 892; x_wconf 90' lang='lat' dir='ltr'>iis</span> <span class='ocrx_word' id='word_1_29' title='bbox 4150 832 4225 893; x_wconf 79' lang='lat' dir='ltr'>‹li-</span> 
     </span>
     <span class='ocr_line' id='line_1_4' title="bbox 1110 927 4226 1019; baseline -0.001 -23"><span class='ocrx_word' id='word_1_30' title='bbox 1110 974 1117 983; x_wconf 92' lang='lat'><strong>·</strong></span> <span class='ocrx_word' id='word_1_31' title='bbox 1173 936 1627 1019; x_wconf 78' lang='lat' dir='ltr'>argumentum</span> <span class='ocrx_word' id='word_1_32' title='bbox 1660 931 2053 1016; x_wconf 80' lang='lat' dir='ltr'>pertinentia</span> <span class='ocrx_word' id='word_1_33' title='bbox 2086 929 2386 994; x_wconf 85' lang='lat' dir='ltr'>disserui.</span> <span class='ocrx_word' id='word_1_34' title='bbox 2785 928 2957 991; x_wconf 83' lang='lat' dir='ltr'>citur</span> <span class='ocrx_word' id='word_1_35' title='bbox 3001 927 3193 994; x_wconf 83' lang='lat' dir='ltr'>COS.</span> <span class='ocrx_word' id='word_1_36' title='bbox 3239 931 3359 1007; x_wconf 84' lang='lat'><strong>11.‚</strong></span> <span class='ocrx_word' id='word_1_37' title='bbox 3419 930 3605 992; x_wconf 82' lang='lat' dir='ltr'>Titus</span> <span class='ocrx_word' id='word_1_38' title='bbox 3650 928 3881 1005; x_wconf 64' lang='lat'>008„</span> <span class='ocrx_word' id='word_1_39' title='bbox 3938 942 4003 992; x_wconf 89' lang='lat' dir='ltr'>et</span> <span class='ocrx_word' id='word_1_40' title='bbox 4037 931 4226 994; x_wconf 89' lang='lat' dir='ltr'>Domi-</span> 
     </span>
     <span class='ocr_line' id='line_1_5' title="bbox 2782 1005 4225 1115; baseline 0.001 -22"><span class='ocrx_word' id='word_1_41' title='bbox 2782 1030 2995 1093; x_wconf 79' lang='lat' dir='ltr'>tianus</span> <span class='ocrx_word' id='word_1_42' title='bbox 3037 1031 3378 1108; x_wconf 81' lang='lat' dir='ltr'>PRaetor,</span> <span class='ocrx_word' id='word_1_43' title='bbox 3442 1005 3675 1115; x_wconf 52' lang='lat' dir='ltr'>quibbs</span> <span class='ocrx_word' id='word_1_44' title='bbox 3732 1030 3780 1092; x_wconf 90' lang='lat' dir='ltr'>ii</span> <span class='ocrx_word' id='word_1_45' title='bbox 3839 1031 4062 1094; x_wconf 86' lang='lat' dir='ltr'>muniis</span> <span class='ocrx_word' id='word_1_46' title='bbox 4112 1044 4225 1094; x_wconf 82' lang='lat' dir='ltr'>tum</span> 
     </span>
    </p>

    <p class='ocr_par' dir='ltr' id='par_1_3' title="bbox 1130 1131 4227 1434">
     <span class='ocr_line' id='line_1_6' title="bbox 1554 1131 3319 1244; baseline -0.001 -13"><span class='ocrx_word' id='word_1_47' title='bbox 1554 1166 1630 1234; x_wconf 81' lang='lat' dir='ltr'><strong>V.</strong></span> <span class='ocrx_word' id='word_1_48' title='bbox 1674 1168 1740 1231; x_wconf 84' lang='lat' dir='ltr'>C.</span> <span class='ocrx_word' id='word_1_49' title='bbox 1779 1167 1904 1230; x_wconf 73' lang='lat'>823</span> <span class='ocrx_word' id='word_1_50' title='bbox 1947 1169 2017 1229; x_wconf 84' lang='grc' dir='ltr'>Ρ.</span> <span class='ocrx_word' id='word_1_51' title='bbox 2052 1166 2139 1230; x_wconf 85' lang='grc' dir='ltr'>Χ.</span> <span class='ocrx_word' id='word_1_52' title='bbox 2178 1185 2286 1244; x_wconf 87' lang='lat'>70.</span> <span class='ocrx_word' id='word_1_53' title='bbox 2527 1194 2538 1201; x_wconf 88' lang='lat'>·</span> <span class='ocrx_word' id='word_1_54' title='bbox 2727 1186 2736 1193; x_wconf 66' lang='lat'><strong>⁴</strong></span> <span class='ocrx_word' id='word_1_55' title='bbox 2780 1131 2970 1194; x_wconf 60' lang='lat' dir='ltr'><strong>fuere</strong></span> <span class='ocrx_word' id='word_1_56' title='bbox 3007 1131 3319 1215; x_wconf 46' lang='lat' dir='ltr'>imme&amp;</span> 
     </span>
     <span class='ocr_line' id='line_1_7' title="bbox 1178 1231 4227 1338; baseline 0 -42"><span class='ocrx_word' id='word_1_57' title='bbox 1178 1271 1592 1338; x_wconf 55' lang='lat' dir='ltr'><strong><em>CAESAR·</em></strong></span> <span class='ocrx_word' id='word_1_58' title='bbox 1626 1267 1928 1333; x_wconf 51' lang='lat' dir='ltr'><strong><em>PRINC·</em></strong></span> <span class='ocrx_word' id='word_1_59' title='bbox 1960 1265 2340 1331; x_wconf 51' lang='lat' dir='ltr'><em>IVVENT·</em></span> <span class='ocrx_word' id='word_1_60' title='bbox 2377 1265 2664 1331; x_wconf 63' lang='lat' dir='ltr'><em>PRAE,</em></span> <span class='ocrx_word' id='word_1_61' title='bbox 2866 1234 2972 1295; x_wconf 82' lang='lat' dir='ltr'>Ad</span> <span class='ocrx_word' id='word_1_62' title='bbox 3013 1232 3186 1297; x_wconf 85' lang='lat' dir='ltr'>hunc</span> <span class='ocrx_word' id='word_1_63' title='bbox 3230 1255 3468 1297; x_wconf 89' lang='lat' dir='ltr'>annum</span> <span class='ocrx_word' id='word_1_64' title='bbox 3501 1231 3745 1301; x_wconf 83' lang='lat' dir='ltr'>referri</span> <span class='ocrx_word' id='word_1_65' title='bbox 3775 1231 3965 1309; x_wconf 77' lang='lat' dir='ltr'>etiam</span> <span class='ocrx_word' id='word_1_66' title='bbox 3999 1249 4227 1317; x_wconf 86' lang='lat' dir='ltr'>possunt</span> 
     </span>
     <span class='ocr_line' id='line_1_8' title="bbox 1130 1333 4227 1434; baseline -0.001 -36"><span class='ocrx_word' id='word_1_67' title='bbox 1130 1346 1133 1349; x_wconf 78' lang='grc'>’</span> <span class='ocrx_word' id='word_1_68' title='bbox 1821 1370 2026 1434; x_wconf 51' lang='lat' dir='ltr'><em>TOR·</em></span> <span class='ocrx_word' id='word_1_69' title='bbox 2144 1394 2159 1402; x_wconf 83' lang='grc'><strong><em>,</em></strong></span> <span class='ocrx_word' id='word_1_70' title='bbox 2339 1334 2392 1399; x_wconf 79' lang='grc'>,”</span> <span class='ocrx_word' id='word_1_71' title='bbox 2779 1336 2963 1398; x_wconf 86' lang='lat' dir='ltr'>numi</span> <span class='ocrx_word' id='word_1_72' title='bbox 3006 1333 3116 1398; x_wconf 91' lang='lat' dir='ltr'>alii</span> <span class='ocrx_word' id='word_1_73' title='bbox 3159 1356 3308 1400; x_wconf 85' lang='lat' dir='ltr'>cum</span> <span class='ocrx_word' id='word_1_74' title='bbox 3356 1335 3490 1397; x_wconf 90' lang='lat' dir='ltr'>Titi</span> <span class='ocrx_word' id='word_1_75' title='bbox 3538 1348 3606 1398; x_wconf 87' lang='lat' dir='ltr'>et</span> <span class='ocrx_word' id='word_1_76' title='bbox 3653 1334 4000 1398; x_wconf 90' lang='lat' dir='ltr'>Domitiani</span> <span class='ocrx_word' id='word_1_77' title='bbox 4042 1334 4227 1418; x_wconf 84' lang='lat' dir='ltr'>capiti·</span> 
     </span>
    </p>
   </div>
   <div class='ocr_carea' id='block_1_3' title="bbox 1154 1436 4225 1738">
    <p class='ocr_par' dir='ltr' id='par_1_4' title="bbox 1154 1436 4225 1738">
     <span class='ocr_line' id='line_1_9' title="bbox 1880 1436 4225 1531; baseline -0.001 -30"><span class='ocrx_word' id='word_1_78' title='bbox 1880 1518 1891 1531; x_wconf 32' lang='grc' dir='ltr'><em>Ι</em></span> <span class='ocrx_word' id='word_1_79' title='bbox 2146 1495 2155 1501; x_wconf 94' lang='grc'><strong>.</strong></span> <span class='ocrx_word' id='word_1_80' title='bbox 2543 1496 2549 1501; x_wconf 78' lang='grc'>,</span> <span class='ocrx_word' id='word_1_81' title='bbox 2781 1437 2936 1515; x_wconf 88' lang='lat' dir='ltr'>bus,</span> <span class='ocrx_word' id='word_1_82' title='bbox 2993 1457 3159 1522; x_wconf 87' lang='lat' dir='ltr'>quos</span> <span class='ocrx_word' id='word_1_83' title='bbox 3208 1438 3278 1500; x_wconf 92' lang='lat' dir='ltr'>in</span> <span class='ocrx_word' id='word_1_84' title='bbox 3321 1436 3723 1521; x_wconf 80' lang='lat' dir='ltr'>Vespasiano</span> <span class='ocrx_word' id='word_1_85' title='bbox 3771 1438 3853 1502; x_wconf 82' lang='lat' dir='ltr'>sd</span> <span class='ocrx_word' id='word_1_86' title='bbox 3903 1438 3979 1506; x_wconf 87' lang='lat' dir='ltr'>V.</span> <span class='ocrx_word' id='word_1_87' title='bbox 4022 1437 4085 1500; x_wconf 90' lang='lat' dir='ltr'>C.</span> <span class='ocrx_word' id='word_1_88' title='bbox 4128 1438 4225 1500; x_wconf 74' lang='lat'>822</span> 
     </span>
     <span class='ocr_line' id='line_1_10' title="bbox 1154 1539 3396 1633; baseline -0.007 -16"><span class='ocrx_word' id='word_1_89' title='bbox 1154 1608 1165 1617; x_wconf 93' lang='lat'><strong>.</strong></span> <span class='ocrx_word' id='word_1_90' title='bbox 1256 1550 1566 1615; x_wconf 73' lang='lat' dir='ltr'>Kalendis</span> <span class='ocrx_word' id='word_1_91' title='bbox 1620 1550 1932 1621; x_wconf 83' lang='lat' dir='ltr'>Ianuariis</span> <span class='ocrx_word' id='word_1_92' title='bbox 1958 1561 2360 1633; x_wconf 84' lang='lat' dir='ltr'>-praeturam</span> <span class='ocrx_word' id='word_1_93' title='bbox 2409 1546 2546 1610; x_wconf 71' lang='lat' dir='ltr'>init</span> <span class='ocrx_word' id='word_1_94' title='bbox 2576 1545 2668 1630; x_wconf 59' lang='grc' dir='ltr'>Ι),</span> <span class='ocrx_word' id='word_1_95' title='bbox 2784 1553 2852 1604; x_wconf 88' lang='lat' dir='ltr'>et</span> <span class='ocrx_word' id='word_1_96' title='bbox 2886 1541 3009 1605; x_wconf 80' lang='lat'>823</span> <span class='ocrx_word' id='word_1_97' title='bbox 3045 1539 3396 1626; x_wconf 78' lang='lat' dir='ltr'>descripsi.</span> 
     </span>
     <span class='ocr_line' id='line_1_11' title="bbox 1176 1651 2671 1738; baseline -0.007 -19"><span class='ocrx_word' id='word_1_98' title='bbox 1176 1674 1449 1738; x_wconf 87' lang='lat' dir='ltr'>eamque</span> <span class='ocrx_word' id='word_1_99' title='bbox 1502 1653 1818 1727; x_wconf 82' lang='lat' dir='ltr'>licenter,</span> <span class='ocrx_word' id='word_1_100' title='bbox 1875 1664 1944 1714; x_wconf 90' lang='lat' dir='ltr'>et</span> <span class='ocrx_word' id='word_1_101' title='bbox 1994 1651 2514 1735; x_wconf 77' lang='lat' dir='ltr'>intemperanter</span> <span class='ocrx_word' id='word_1_102' title='bbox 2560 1668 2671 1711; x_wconf 85' lang='lat' dir='ltr'>ex·</span> 
     </span>
    </p>
   </div>
   <div class='ocr_carea' id='block_1_4' title="bbox 1173 1750 4239 2239">
    <p class='ocr_par' dir='ltr' id='par_1_5' title="bbox 1176 1750 4234 2042">
     <span class='ocr_line' id='line_1_12' title="bbox 1177 1750 3902 1857; baseline -0.003 -39"><span class='ocrx_word' id='word_1_103' title='bbox 1177 1768 1365 1819; x_wconf 85' lang='lat' dir='ltr'>ercet</span> <span class='ocrx_word' id='word_1_104' title='bbox 1422 1752 1804 1818; x_wconf 88' lang='lat' dir='ltr'>muneribus</span> <span class='ocrx_word' id='word_1_105' title='bbox 1865 1752 2144 1834; x_wconf 87' lang='lat' dir='ltr'>publicis</span> <span class='ocrx_word' id='word_1_106' title='bbox 2207 1772 2331 1835; x_wconf 90' lang='lat' dir='ltr'>pro</span> <span class='ocrx_word' id='word_1_107' title='bbox 2392 1750 2664 1814; x_wconf 82' lang='lat' dir='ltr'>libidine</span> <span class='ocrx_word' id='word_1_108' title='bbox 3165 1775 3247 1840; x_wconf 59' lang='lat' dir='ltr'>V,</span> <span class='ocrx_word' id='word_1_109' title='bbox 3295 1773 3366 1839; x_wconf 51' lang='lat'>0·</span> <span class='ocrx_word' id='word_1_110' title='bbox 3400 1773 3527 1847; x_wconf 75' lang='lat'>824</span> <span class='ocrx_word' id='word_1_111' title='bbox 3569 1776 3640 1839; x_wconf 52' lang='lat' dir='ltr'>p·</span> <span class='ocrx_word' id='word_1_112' title='bbox 3661 1774 3752 1838; x_wconf 58' lang='lat' dir='ltr'><em>X</em></span> <span class='ocrx_word' id='word_1_113' title='bbox 3790 1796 3902 1857; x_wconf 50' lang='lat'>7¹·</span> 
     </span>
     <span class='ocr_line' id='line_1_13' title="bbox 1176 1853 4234 1942; baseline -0.003 -23"><span class='ocrx_word' id='word_1_114' title='bbox 1176 1855 1566 1932; x_wconf 80' lang='lat' dir='ltr'>distributis,</span> <span class='ocrx_word' id='word_1_115' title='bbox 1598 1853 1690 1918; x_wconf 83' lang='lat' dir='ltr'>sic</span> <span class='ocrx_word' id='word_1_116' title='bbox 1723 1866 1795 1915; x_wconf 85' lang='lat' dir='ltr'>ut</span> <span class='ocrx_word' id='word_1_117' title='bbox 1824 1853 2057 1916; x_wconf 81' lang='lat' dir='ltr'>absens</span> <span class='ocrx_word' id='word_1_118' title='bbox 2088 1853 2524 1937; x_wconf 85' lang='lat' dir='ltr'>Vespasianus</span> <span class='ocrx_word' id='word_1_119' title='bbox 2553 1853 2671 1913; x_wconf 89' lang='lat' dir='ltr'>mi·</span> <span class='ocrx_word' id='word_1_120' title='bbox 2787 1873 3201 1942; x_wconf 53' lang='lat' dir='ltr'><em>CAESAR·</em></span> <span class='ocrx_word' id='word_1_121' title='bbox 3236 1871 3540 1939; x_wconf 48' lang='lat' dir='ltr'><em>PRJNC·</em></span> <span class='ocrx_word' id='word_1_122' title='bbox 3572 1874 3953 1942; x_wconf 52' lang='lat' dir='ltr'><em>IVVENT·</em></span> <span class='ocrx_word' id='word_1_123' title='bbox 3988 1874 4156 1939; x_wconf 51' lang='lat'>005·</span> <span class='ocrx_word' id='word_1_124' title='bbox 4180 1887 4234 1937; x_wconf 53' lang='lat' dir='ltr'>et</span> 
     </span>
     <span class='ocr_line' id='line_1_14' title="bbox 1176 1954 3822 2042; baseline -0.002 -23"><span class='ocrx_word' id='word_1_125' title='bbox 1176 1972 1474 2034; x_wconf 86' lang='lat' dir='ltr'>raretur‚</span> <span class='ocrx_word' id='word_1_126' title='bbox 1533 1954 1709 2040; x_wconf 81' lang='lat' dir='ltr'>quod</span> <span class='ocrx_word' id='word_1_127' title='bbox 1750 1975 1884 2018; x_wconf 89' lang='lat' dir='ltr'>non</span> <span class='ocrx_word' id='word_1_128' title='bbox 1928 1969 1996 2018; x_wconf 86' lang='lat' dir='ltr'>et</span> <span class='ocrx_word' id='word_1_129' title='bbox 2038 1954 2162 2017; x_wconf 89' lang='lat' dir='ltr'>sibi</span> <span class='ocrx_word' id='word_1_130' title='bbox 2213 1974 2663 2019; x_wconf 85' lang='lat' dir='ltr'>successorem</span> <span class='ocrx_word' id='word_1_131' title='bbox 3245 1973 3440 2042; x_wconf 86' lang='lat' dir='ltr'><strong>COS.</strong></span> <span class='ocrx_word' id='word_1_132' title='bbox 3478 1974 3688 2042; x_wconf 47' lang='grc' dir='ltr'>ΗΕΒ.</span> <span class='ocrx_word' id='word_1_133' title='bbox 3722 1976 3822 2042; x_wconf 65' lang='lat' dir='ltr'>IL</span> 
     </span>
    </p>

    <p class='ocr_par' dir='ltr' id='par_1_6' title="bbox 1173 2055 3506 2141">
     <span class='ocr_line' id='line_1_15' title="bbox 1173 2055 3506 2141; baseline -0.001 -19"><span class='ocrx_word' id='word_1_134' title='bbox 1173 2060 1468 2122; x_wconf 86' lang='lat' dir='ltr'>mitteret</span> <span class='ocrx_word' id='word_1_135' title='bbox 1522 2057 1610 2141; x_wconf 77' lang='lat' dir='ltr'>b).</span> <span class='ocrx_word' id='word_1_136' title='bbox 1702 2055 2074 2122; x_wconf 81' lang='lat' dir='ltr'>Adversum</span> <span class='ocrx_word' id='word_1_137' title='bbox 2142 2056 2407 2136; x_wconf 85' lang='lat' dir='ltr'>Gallos,</span> <span class='ocrx_word' id='word_1_138' title='bbox 2485 2059 2672 2120; x_wconf 83' lang='lat' dir='ltr'>Bata·</span> <span class='ocrx_word' id='word_1_139' title='bbox 3387 2110 3396 2119; x_wconf 89' lang='lat'><strong>.</strong></span> <span class='ocrx_word' id='word_1_140' title='bbox 3494 2061 3506 2071; x_wconf 84' lang='lat'>’</span> 
     </span>
    </p>

    <p class='ocr_par' dir='ltr' id='par_1_7' title="bbox 1175 2153 4239 2239">
     <span class='ocr_line' id='line_1_16' title="bbox 1175 2153 4239 2239; baseline -0.002 -14"><span class='ocrx_word' id='word_1_141' title='bbox 1175 2183 1333 2239; x_wconf 82' lang='lat' dir='ltr'>vos,</span> <span class='ocrx_word' id='word_1_142' title='bbox 1414 2174 1482 2225; x_wconf 85' lang='lat' dir='ltr'>et</span> <span class='ocrx_word' id='word_1_143' title='bbox 1518 2158 1906 2223; x_wconf 81' lang='lat' dir='ltr'>&#39;Germanos</span> <span class='ocrx_word' id='word_1_144' title='bbox 1968 2159 2259 2223; x_wconf 88' lang='lat' dir='ltr'>rebelles</span> <span class='ocrx_word' id='word_1_145' title='bbox 2327 2181 2454 2222; x_wconf 88' lang='lat' dir='ltr'>una</span> <span class='ocrx_word' id='word_1_146' title='bbox 2519 2170 2669 2222; x_wconf 82' lang='lat' dir='ltr'>c&#39;um</span> <span class='ocrx_word' id='word_1_147' title='bbox 2871 2156 3116 2221; x_wconf 89' lang='lat' dir='ltr'>Consul</span> <span class='ocrx_word' id='word_1_148' title='bbox 3170 2153 3525 2233; x_wconf 81' lang='lat' dir='ltr'>suffectus,</span> <span class='ocrx_word' id='word_1_149' title='bbox 3589 2169 3658 2220; x_wconf 89' lang='lat' dir='ltr'>et</span> <span class='ocrx_word' id='word_1_150' title='bbox 3698 2177 3852 2221; x_wconf 85' lang='lat' dir='ltr'>mox</span> <span class='ocrx_word' id='word_1_151' title='bbox 3899 2156 4112 2222; x_wconf 86' lang='lat' dir='ltr'>consul</span> <span class='ocrx_word' id='word_1_152' title='bbox 4149 2154 4239 2220; x_wconf 82' lang='lat' dir='ltr'>de·</span> 
     </span>
    </p>
   </div>
   <div class='ocr_carea' id='block_1_5' title="bbox 1177 2246 4330 2551">
    <p class='ocr_par' dir='ltr' id='par_1_8' title="bbox 1177 2246 4330 2551">
     <span class='ocr_line' id='line_1_17' title="bbox 1177 2246 4324 2353; baseline -0.002 -27"><span class='ocrx_word' id='word_1_153' title='bbox 1177 2262 1482 2326; x_wconf 81' lang='lat' dir='ltr'>Muciano</span> <span class='ocrx_word' id='word_1_154' title='bbox 1511 2260 1985 2344; x_wconf 84' lang='lat' dir='ltr'>proficiscitur,</span> <span class='ocrx_word' id='word_1_155' title='bbox 2027 2282 2260 2324; x_wconf 76' lang='lat' dir='ltr'>verum</span> <span class='ocrx_word' id='word_1_156' title='bbox 2291 2259 2513 2323; x_wconf 88' lang='lat' dir='ltr'>audito</span> <span class='ocrx_word' id='word_1_157' title='bbox 2547 2280 2672 2344; x_wconf 84' lang='lat' dir='ltr'>per</span> <span class='ocrx_word' id='word_1_158' title='bbox 2786 2258 3075 2345; x_wconf 83' lang='lat' dir='ltr'>signatus</span> <span class='ocrx_word' id='word_1_159' title='bbox 3103 2260 3222 2337; x_wconf 65' lang='lat'>11„</span> <span class='ocrx_word' id='word_1_160' title='bbox 3260 2272 3330 2321; x_wconf 92' lang='lat' dir='ltr'>ut</span> <span class='ocrx_word' id='word_1_161' title='bbox 3366 2246 3676 2322; x_wconf 59' lang='lat' dir='ltr'>continui&gt;</span> <span class='ocrx_word' id='word_1_162' title='bbox 3712 2258 4107 2343; x_wconf 85' lang='lat' dir='ltr'>probabitur.</span> <span class='ocrx_word' id='word_1_163' title='bbox 4144 2260 4238 2321; x_wconf 80' lang='lat' dir='ltr'>Pa·</span> <span class='ocrx_word' id='word_1_164' title='bbox 4313 2340 4324 2353; x_wconf 36' lang='grc'><strong>“</strong></span> 
     </span>
     <span class='ocr_line' id='line_1_18' title="bbox 1179 2360 4330 2447; baseline -0.001 -20"><span class='ocrx_word' id='word_1_165' title='bbox 1179 2366 1344 2441; x_wconf 88' lang='lat' dir='ltr'>iter,</span> <span class='ocrx_word' id='word_1_166' title='bbox 1393 2384 1534 2427; x_wconf 90' lang='lat' dir='ltr'>rem</span> <span class='ocrx_word' id='word_1_167' title='bbox 1572 2386 1606 2426; x_wconf 84' lang='lat' dir='ltr'>a</span> <span class='ocrx_word' id='word_1_168' title='bbox 1646 2362 1881 2426; x_wconf 87' lang='lat' dir='ltr'>Petilio</span> <span class='ocrx_word' id='word_1_169' title='bbox 1920 2363 2162 2427; x_wconf 87' lang='lat' dir='ltr'>Ceriali</span> <span class='ocrx_word' id='word_1_170' title='bbox 2199 2382 2521 2447; x_wconf 87' lang='lat' dir='ltr'>prospere</span> <span class='ocrx_word' id='word_1_171' title='bbox 2549 2380 2670 2447; x_wconf 79' lang='lat' dir='ltr'>‘ge-</span> <span class='ocrx_word' id='word_1_172' title='bbox 2785 2363 2904 2426; x_wconf 84' lang='lat' dir='ltr'>tris</span> <span class='ocrx_word' id='word_1_173' title='bbox 2932 2375 3000 2425; x_wconf 88' lang='lat' dir='ltr'>et</span> <span class='ocrx_word' id='word_1_174' title='bbox 3026 2360 3247 2424; x_wconf 84' lang='lat' dir='ltr'>fratris</span> <span class='ocrx_word' id='word_1_175' title='bbox 3271 2360 3609 2445; x_wconf 67' lang='lat' dir='ltr'>triumpho</span> <span class='ocrx_word' id='word_1_176' title='bbox 3639 2360 3906 2428; x_wconf 89' lang='lat' dir='ltr'>Iudaico</span> <span class='ocrx_word' id='word_1_177' title='bbox 3935 2361 4076 2426; x_wconf 88' lang='lat' dir='ltr'>albo</span> <span class='ocrx_word' id='word_1_178' title='bbox 4100 2368 4239 2445; x_wconf 76' lang='lat' dir='ltr'>equo</span> <span class='ocrx_word' id='word_1_179' title='bbox 4315 2414 4330 2439; x_wconf 83' lang='lat'><em>,</em></span> 
     </span>
     <span class='ocr_line' id='line_1_19' title="bbox 1180 2458 3601 2551; baseline -0.002 -21"><span class='ocrx_word' id='word_1_180' title='bbox 1180 2458 1378 2544; x_wconf 70' lang='lat' dir='ltr'>sta&#39;m,</span> <span class='ocrx_word' id='word_1_181' title='bbox 1441 2463 1748 2551; x_wconf 78' lang='lat' dir='ltr'>Lugduni</span> <span class='ocrx_word' id='word_1_182' title='bbox 1806 2465 2093 2529; x_wconf 85' lang='lat' dir='ltr'>subsistit</span> <span class='ocrx_word' id='word_1_183' title='bbox 2145 2466 2227 2546; x_wconf 79' lang='lat' dir='ltr'>c).</span> <span class='ocrx_word' id='word_1_184' title='bbox 2313 2465 2667 2528; x_wconf 84' lang='lat' dir='ltr'>Domitiam</span> <span class='ocrx_word' id='word_1_185' title='bbox 2789 2464 3181 2549; x_wconf 89' lang='lat' dir='ltr'>conspicuus</span> <span class='ocrx_word' id='word_1_186' title='bbox 3212 2462 3490 2526; x_wconf 86' lang='lat' dir='ltr'>interest</span> <span class='ocrx_word' id='word_1_187' title='bbox 3520 2466 3601 2545; x_wconf 69' lang='grc' dir='ltr'>θ).</span> 
     </span>
    </p>
   </div>
   <div class='ocr_carea' id='block_1_6' title="bbox 1096 2562 4248 3868">
    <p class='ocr_par' dir='ltr' id='par_1_9' title="bbox 1182 2562 4242 2647">
     <span class='ocr_line' id='line_1_20' title="bbox 1182 2562 4242 2647; baseline -0.001 -19"><span class='ocrx_word' id='word_1_188' title='bbox 1182 2588 1457 2631; x_wconf 80' lang='lat' dir='ltr'>uxorem</span> <span class='ocrx_word' id='word_1_189' title='bbox 1495 2566 1675 2630; x_wconf 88' lang='lat' dir='ltr'>ducit</span> <span class='ocrx_word' id='word_1_190' title='bbox 1717 2564 1819 2647; x_wconf 56' lang='grc' dir='ltr'>ὅ).</span> <span class='ocrx_word' id='word_1_191' title='bbox 3025 2566 3275 2631; x_wconf 88' lang='lat' dir='ltr'>CAES.</span> <span class='ocrx_word' id='word_1_192' title='bbox 3315 2565 3521 2634; x_wconf 87' lang='lat' dir='ltr'>AVG.</span> <span class='ocrx_word' id='word_1_193' title='bbox 3565 2567 3645 2633; x_wconf 88' lang='lat' dir='ltr'>F.</span> <span class='ocrx_word' id='word_1_194' title='bbox 3687 2566 3888 2629; x_wconf 85' lang='lat' dir='ltr'><strong>DES.</strong></span> <span class='ocrx_word' id='word_1_195' title='bbox 3931 2564 4101 2628; x_wconf 76' lang='lat' dir='ltr'><strong>IMP.</strong></span> <span class='ocrx_word' id='word_1_196' title='bbox 4163 2562 4242 2626; x_wconf 79' lang='lat' dir='ltr'>Ti-</span> 
     </span>
    </p>

    <p class='ocr_par' dir='ltr' id='par_1_10' title="bbox 1198 2665 4244 3039">
     <span class='ocr_line' id='line_1_21' title="bbox 1198 2665 4236 2751; baseline -0.002 -18"><span class='ocrx_word' id='word_1_197' title='bbox 1198 2690 1201 2695; x_wconf 88' lang='lat'>·</span> <span class='ocrx_word' id='word_1_198' title='bbox 1421 2668 1791 2734; x_wconf 82' lang='lat' dir='ltr'>CAESAR.</span> <span class='ocrx_word' id='word_1_199' title='bbox 1831 2665 2038 2733; x_wconf 86' lang='lat' dir='ltr'><strong>AVG.</strong></span> <span class='ocrx_word' id='word_1_200' title='bbox 2079 2667 2159 2730; x_wconf 89' lang='lat' dir='ltr'>F.</span> <span class='ocrx_word' id='word_1_201' title='bbox 2197 2665 2389 2733; x_wconf 86' lang='lat' dir='ltr'><strong>COS.</strong></span> <span class='ocrx_word' id='word_1_202' title='bbox 2456 2669 2671 2751; x_wconf 78' lang='lat' dir='ltr'>Caput</span> <span class='ocrx_word' id='word_1_203' title='bbox 3029 2680 3144 2730; x_wconf 80' lang='lat' dir='ltr'>tus</span> <span class='ocrx_word' id='word_1_204' title='bbox 3167 2669 3540 2751; x_wconf 82' lang='lat' dir='ltr'>paludatus</span> <span class='ocrx_word' id='word_1_205' title='bbox 3570 2681 3761 2733; x_wconf 79' lang='lat' dir='ltr'>stans</span> <span class='ocrx_word' id='word_1_206' title='bbox 3794 2672 3859 2732; x_wconf 83' lang='lat' dir='ltr'>d.</span> <span class='ocrx_word' id='word_1_207' title='bbox 3894 2672 4167 2743; x_wconf 79' lang='lat' dir='ltr'>hastam,</span> <span class='ocrx_word' id='word_1_208' title='bbox 4197 2686 4236 2725; x_wconf 87' lang='lat' dir='ltr'>s.</span> 
     </span>
     <span class='ocr_line' id='line_1_22' title="bbox 1431 2771 3484 2851; baseline 0.001 -18"><span class='ocrx_word' id='word_1_209' title='bbox 1431 2771 1570 2834; x_wconf 75' lang='lat' dir='ltr'>Titi</span> <span class='ocrx_word' id='word_1_210' title='bbox 1603 2772 1848 2834; x_wconf 83' lang='lat' dir='ltr'>nudum</span> <span class='ocrx_word' id='word_1_211' title='bbox 1883 2771 2325 2841; x_wconf 79' lang='lat' dir='ltr'>barbatulum.</span> <span class='ocrx_word' id='word_1_212' title='bbox 3021 2772 3484 2851; x_wconf 71' lang='lat' dir='ltr'>parazonz&#39;um.</span> 
     </span>
     <span class='ocr_line' id='line_1_23' title="bbox 1418 2866 4239 2952; baseline -0.003 -18"><span class='ocrx_word' id='word_1_213' title='bbox 1418 2872 1788 2939; x_wconf 80' lang='lat' dir='ltr'>CAESAR.</span> <span class='ocrx_word' id='word_1_214' title='bbox 1837 2870 2043 2939; x_wconf 80' lang='lat' dir='ltr'><strong>AVG.</strong></span> <span class='ocrx_word' id='word_1_215' title='bbox 2093 2872 2173 2937; x_wconf 88' lang='lat' dir='ltr'>F.</span> <span class='ocrx_word' id='word_1_216' title='bbox 2225 2870 2361 2935; x_wconf 85' lang='lat' dir='ltr'><strong>PR.</strong></span> <span class='ocrx_word' id='word_1_217' title='bbox 2458 2871 2695 2952; x_wconf 62' lang='lat' dir='ltr'>Caput</span> <span class='ocrx_word' id='word_1_218' title='bbox 3031 2869 3236 2937; x_wconf 77' lang='lat' dir='ltr'><strong>AVG.</strong></span> <span class='ocrx_word' id='word_1_219' title='bbox 3293 2870 3370 2931; x_wconf 90' lang='lat' dir='ltr'>F.</span> <span class='ocrx_word' id='word_1_220' title='bbox 3429 2870 3623 2938; x_wconf 90' lang='lat' dir='ltr'>COS.</span> <span class='ocrx_word' id='word_1_221' title='bbox 3679 2872 3892 2939; x_wconf 85' lang='lat' dir='ltr'><strong>DES.</strong></span> <span class='ocrx_word' id='word_1_222' title='bbox 3937 2873 4044 2939; x_wconf 77' lang='lat'><strong>1&#39;1&#39;.</strong></span> <span class='ocrx_word' id='word_1_223' title='bbox 4089 2871 4147 2934; x_wconf 89' lang='grc'>8.</span> <span class='ocrx_word' id='word_1_224' title='bbox 4185 2866 4239 2928; x_wconf 88' lang='lat' dir='ltr'>C.</span> 
     </span>
     <span class='ocr_line' id='line_1_24' title="bbox 1422 2962 4244 3039; baseline -0.001 -3"><span class='ocrx_word' id='word_1_225' title='bbox 1422 2976 1812 3037; x_wconf 80' lang='lat' dir='ltr'>Domitiani</span> <span class='ocrx_word' id='word_1_226' title='bbox 1844 2974 2091 3036; x_wconf 78' lang='lat' dir='ltr'>nudum</span> <span class='ocrx_word' id='word_1_227' title='bbox 2126 2973 2433 3036; x_wconf 78' lang='lat' dir='ltr'>imber-be.</span> <span class='ocrx_word' id='word_1_228' title='bbox 3031 2972 3473 3037; x_wconf 79' lang='lat' dir='ltr'>Domitianus</span> <span class='ocrx_word' id='word_1_229' title='bbox 3498 2976 3819 3039; x_wconf 61' lang='lat' dir='ltr'>adversus</span> <span class='ocrx_word' id='word_1_230' title='bbox 3844 2985 4037 3039; x_wconf 82' lang='lat' dir='ltr'>stans</span> <span class='ocrx_word' id='word_1_231' title='bbox 4062 2962 4244 3036; x_wconf 48' lang='lat' dir='ltr'>eodem</span> 
     </span>
    </p>

    <p class='ocr_par' dir='ltr' id='par_1_11' title="bbox 1176 3069 3238 3142">
     <span class='ocr_line' id='line_1_25' title="bbox 1176 3069 3238 3142; baseline -0.003 -4"><span class='ocrx_word' id='word_1_232' title='bbox 1176 3078 1354 3142; x_wconf 83' lang='lat' dir='ltr'><strong>IMP.</strong></span> <span class='ocrx_word' id='word_1_233' title='bbox 1388 3075 1755 3140; x_wconf 81' lang='lat' dir='ltr'><strong>CAESAR.</strong></span> <span class='ocrx_word' id='word_1_234' title='bbox 1791 3073 2420 3141; x_wconf 84' lang='lat' dir='ltr'>VESPASIANVS.</span> <span class='ocrx_word' id='word_1_235' title='bbox 2463 3069 2670 3139; x_wconf 82' lang='lat' dir='ltr'>AVG.</span> <span class='ocrx_word' id='word_1_236' title='bbox 3030 3073 3238 3135; x_wconf 76' lang='lat' dir='ltr'>cultu.</span> 
     </span>
    </p>

    <p class='ocr_par' dir='ltr' id='par_1_12' title="bbox 1096 3170 4241 3256">
     <span class='ocr_line' id='line_1_26' title="bbox 1096 3170 4241 3256; baseline -0.002 -15"><span class='ocrx_word' id='word_1_237' title='bbox 1096 3210 1103 3215; x_wconf 61' lang='lat'>¹</span> <span class='ocrx_word' id='word_1_238' title='bbox 1182 3183 1398 3256; x_wconf 76' lang='lat' dir='ltr'>Caput</span> <span class='ocrx_word' id='word_1_239' title='bbox 1430 3177 1830 3238; x_wconf 81' lang='lat' dir='ltr'>laureatum.</span> <span class='ocrx_word' id='word_1_240' title='bbox 1875 3177 2019 3241; x_wconf 88' lang='lat' dir='ltr'>AV.</span> <span class='ocrx_word' id='word_1_241' title='bbox 2054 3177 2195 3237; x_wconf 79' lang='lat' dir='ltr'>AR.</span> <span class='ocrx_word' id='word_1_242' title='bbox 2227 3178 2421 3247; x_wconf 81' lang='lat' dir='ltr'>(Mus.</span> <span class='ocrx_word' id='word_1_243' title='bbox 2458 3175 2672 3248; x_wconf 69' lang='lat' dir='ltr'>Gaea.)</span> <span class='ocrx_word' id='word_1_244' title='bbox 2787 3174 2971 3237; x_wconf 80' lang='lat' dir='ltr'><strong>IMP.</strong></span> <span class='ocrx_word' id='word_1_245' title='bbox 3003 3173 3246 3239; x_wconf 82' lang='lat' dir='ltr'><strong>CAES.</strong></span> <span class='ocrx_word' id='word_1_246' title='bbox 3282 3174 3793 3241; x_wconf 82' lang='lat' dir='ltr'><strong>VESPASIAN.</strong></span> <span class='ocrx_word' id='word_1_247' title='bbox 3835 3173 4044 3241; x_wconf 83' lang='lat' dir='ltr'><strong>AVG.</strong></span> <span class='ocrx_word' id='word_1_248' title='bbox 4077 3173 4144 3235; x_wconf 88' lang='lat' dir='ltr'>P.</span> <span class='ocrx_word' id='word_1_249' title='bbox 4172 3170 4241 3230; x_wconf 74' lang='grc' dir='ltr'>Η.</span> 
     </span>
    </p>

    <p class='ocr_par' dir='ltr' id='par_1_13' title="bbox 1414 3274 4245 3544">
     <span class='ocr_line' id='line_1_27' title="bbox 1421 3274 4245 3361; baseline -0.002 -24"><span class='ocrx_word' id='word_1_250' title='bbox 1421 3279 1501 3341; x_wconf 88' lang='grc' dir='ltr'>Τ.</span> <span class='ocrx_word' id='word_1_251' title='bbox 1581 3278 1826 3341; x_wconf 87' lang='lat' dir='ltr'>CAES.</span> <span class='ocrx_word' id='word_1_252' title='bbox 1901 3274 2109 3344; x_wconf 81' lang='lat' dir='ltr'><strong>AVG.</strong></span> <span class='ocrx_word' id='word_1_253' title='bbox 2181 3276 2258 3339; x_wconf 89' lang='lat' dir='ltr'>F.</span> <span class='ocrx_word' id='word_1_254' title='bbox 2338 3274 2526 3339; x_wconf 87' lang='lat' dir='ltr'><strong>COS.</strong></span> <span class='ocrx_word' id='word_1_255' title='bbox 2584 3308 2672 3321; x_wconf 90' lang='lat'>--</span> <span class='ocrx_word' id='word_1_256' title='bbox 2789 3279 2930 3341; x_wconf 86' lang='lat' dir='ltr'><strong>TR.</strong></span> <span class='ocrx_word' id='word_1_257' title='bbox 2972 3276 3050 3338; x_wconf 89' lang='grc' dir='ltr'>Ρ.</span> <span class='ocrx_word' id='word_1_258' title='bbox 3096 3275 3169 3335; x_wconf 91' lang='grc' dir='ltr'>Ρ.</span> <span class='ocrx_word' id='word_1_259' title='bbox 3212 3275 3287 3335; x_wconf 91' lang='grc' dir='ltr'>Ρ.</span> <span class='ocrx_word' id='word_1_260' title='bbox 3338 3274 3526 3338; x_wconf 76' lang='grc'><strong>008.</strong></span> <span class='ocrx_word' id='word_1_261' title='bbox 3579 3278 3685 3340; x_wconf 85' lang='lat'><strong>111.</strong></span> <span class='ocrx_word' id='word_1_262' title='bbox 3759 3278 3983 3361; x_wconf 80' lang='lat' dir='ltr'>Caput</span> <span class='ocrx_word' id='word_1_263' title='bbox 4024 3275 4245 3337; x_wconf 77' lang='lat' dir='ltr'>laurea·</span> 
     </span>
     <span class='ocr_line' id='line_1_28' title="bbox 1414 3376 3715 3459; baseline 0.001 -19"><span class='ocrx_word' id='word_1_264' title='bbox 1414 3379 1500 3442; x_wconf 90' lang='lat' dir='ltr'>D.</span> <span class='ocrx_word' id='word_1_265' title='bbox 1547 3378 1793 3442; x_wconf 84' lang='lat' dir='ltr'><strong>CAES.</strong></span> <span class='ocrx_word' id='word_1_266' title='bbox 1841 3378 2046 3447; x_wconf 82' lang='lat' dir='ltr'><strong>AVG.</strong></span> <span class='ocrx_word' id='word_1_267' title='bbox 2091 3379 2169 3441; x_wconf 91' lang='lat' dir='ltr'>F.</span> <span class='ocrx_word' id='word_1_268' title='bbox 2212 3377 2353 3442; x_wconf 80' lang='lat' dir='ltr'><strong>PR.</strong></span> <span class='ocrx_word' id='word_1_269' title='bbox 2430 3379 2671 3459; x_wconf 74' lang='lat' dir='ltr'>Capita</span> <span class='ocrx_word' id='word_1_270' title='bbox 2789 3391 2951 3443; x_wconf 81' lang='lat' dir='ltr'>tum.</span> <span class='ocrx_word' id='word_1_271' title='bbox 2997 3377 3138 3440; x_wconf 82' lang='grc' dir='ltr'>ΑΕ.</span> <span class='ocrx_word' id='word_1_272' title='bbox 3175 3377 3221 3441; x_wconf 86' lang='lat'><strong>1.</strong></span> <span class='ocrx_word' id='word_1_273' title='bbox 3258 3379 3455 3458; x_wconf 72' lang='grc' dir='ltr'><strong>(Μυε.</strong></span> <span class='ocrx_word' id='word_1_274' title='bbox 3492 3376 3715 3458; x_wconf 87' lang='lat' dir='ltr'>Caes.)</span> 
     </span>
     <span class='ocr_line' id='line_1_29' title="bbox 1419 3474 4245 3544; baseline -0.001 -3"><span class='ocrx_word' id='word_1_275' title='bbox 1419 3481 1701 3543; x_wconf 81' lang='lat' dir='ltr'>adversa</span> <span class='ocrx_word' id='word_1_276' title='bbox 1749 3481 1888 3544; x_wconf 81' lang='lat' dir='ltr'>Titi</span> <span class='ocrx_word' id='word_1_277' title='bbox 1925 3491 1992 3541; x_wconf 84' lang='lat' dir='ltr'>et</span> <span class='ocrx_word' id='word_1_278' title='bbox 2028 3479 2433 3541; x_wconf 76' lang='lat' dir='ltr'>Domitiani.</span> <span class='ocrx_word' id='word_1_279' title='bbox 3031 3479 3109 3538; x_wconf 89' lang='lat' dir='ltr'>T.</span> <span class='ocrx_word' id='word_1_280' title='bbox 3166 3478 3343 3542; x_wconf 81' lang='lat' dir='ltr'><strong>IMP.</strong></span> <span class='ocrx_word' id='word_1_281' title='bbox 3405 3480 3773 3544; x_wconf 84' lang='lat' dir='ltr'>CAESAR.</span> <span class='ocrx_word' id='word_1_282' title='bbox 3835 3478 4031 3544; x_wconf 85' lang='lat' dir='ltr'><strong>COS.</strong></span> <span class='ocrx_word' id='word_1_283' title='bbox 4083 3474 4245 3539; x_wconf 82' lang='lat' dir='ltr'><strong>DES.</strong></span> 
     </span>
    </p>

    <p class='ocr_par' dir='ltr' id='par_1_14' title="bbox 1177 3579 3113 3663">
     <span class='ocr_line' id='line_1_30' title="bbox 1177 3579 3113 3663; baseline -0.001 -20"><span class='ocrx_word' id='word_1_284' title='bbox 1177 3581 1443 3643; x_wconf 76' lang='lat' dir='ltr'>Antica</span> <span class='ocrx_word' id='word_1_285' title='bbox 1492 3602 1641 3643; x_wconf 78' lang='lat' dir='ltr'>cum</span> <span class='ocrx_word' id='word_1_286' title='bbox 1681 3583 1906 3663; x_wconf 77' lang='lat' dir='ltr'>patris</span> <span class='ocrx_word' id='word_1_287' title='bbox 1950 3581 2207 3660; x_wconf 80' lang='lat' dir='ltr'>capite,</span> <span class='ocrx_word' id='word_1_288' title='bbox 2259 3579 2376 3640; x_wconf 81' lang='lat' dir='ltr'>sed</span> <span class='ocrx_word' id='word_1_289' title='bbox 2415 3579 2675 3659; x_wconf 72' lang='lat' dir='ltr'>eps‘gra·</span> <span class='ocrx_word' id='word_1_290' title='bbox 3030 3580 3113 3644; x_wconf 87' lang='lat'>11.</span> 
     </span>
    </p>

    <p class='ocr_par' dir='ltr' id='par_1_15' title="bbox 1164 3677 4248 3868">
     <span class='ocr_line' id='line_1_31' title="bbox 1164 3677 4248 3762; baseline 0 -23"><span class='ocrx_word' id='word_1_291' title='bbox 1164 3680 1343 3762; x_wconf 74' lang='lat' dir='ltr'>plzen</span> <span class='ocrx_word' id='word_1_292' title='bbox 1381 3681 1769 3742; x_wconf 78' lang='lat' dir='ltr'>dissimulat</span> <span class='ocrx_word' id='word_1_293' title='bbox 1809 3680 2249 3744; x_wconf 80' lang='lat' dir='ltr'>Vaillantius.</span> <span class='ocrx_word' id='word_1_294' title='bbox 2298 3678 2438 3742; x_wconf 76' lang='grc' dir='ltr'>ΑΕ.</span> <span class='ocrx_word' id='word_1_295' title='bbox 2475 3678 2557 3743; x_wconf 88' lang='grc' dir='ltr'>ΙΙ.</span> <span class='ocrx_word' id='word_1_296' title='bbox 3031 3681 3396 3745; x_wconf 83' lang='lat' dir='ltr'>CAESAR.</span> <span class='ocrx_word' id='word_1_297' title='bbox 3453 3682 3769 3749; x_wconf 85' lang='lat' dir='ltr'><strong>DOMlT.</strong></span> <span class='ocrx_word' id='word_1_298' title='bbox 3829 3681 4028 3748; x_wconf 89' lang='lat' dir='ltr'><strong>COS.</strong></span> <span class='ocrx_word' id='word_1_299' title='bbox 4083 3677 4248 3745; x_wconf 79' lang='lat' dir='ltr'><strong>DES.</strong></span> 
     </span>
     <span class='ocr_line' id='line_1_32' title="bbox 1423 3776 3621 3868; baseline 0.005 -28"><span class='ocrx_word' id='word_1_300' title='bbox 1423 3782 1594 3844; x_wconf 86' lang='lat' dir='ltr'><strong>TIT.</strong></span> <span class='ocrx_word' id='word_1_301' title='bbox 1656 3776 1800 3845; x_wconf 79' lang='lat' dir='ltr'>ET.</span> <span class='ocrx_word' id='word_1_302' title='bbox 1867 3779 2183 3847; x_wconf 76' lang='lat' dir='ltr'><strong>DOMIT.</strong></span> <span class='ocrx_word' id='word_1_303' title='bbox 2245 3779 2393 3844; x_wconf 80' lang='lat' dir='ltr'><strong>Ex.</strong></span> <span class='ocrx_word' id='word_1_304' title='bbox 2460 3780 2531 3845; x_wconf 84' lang='lat' dir='ltr'><strong>S.</strong></span> <span class='ocrx_word' id='word_1_305' title='bbox 2597 3780 2672 3844; x_wconf 90' lang='lat' dir='ltr'>C.</span> <span class='ocrx_word' id='word_1_306' title='bbox 3032 3785 3116 3848; x_wconf 88' lang='lat' dir='ltr'>ll.</span> <span class='ocrx_word' id='word_1_307' title='bbox 3172 3784 3390 3868; x_wconf 78' lang='lat' dir='ltr'>Typus</span> <span class='ocrx_word' id='word_1_308' title='bbox 3427 3787 3621 3850; x_wconf 81' lang='lat' dir='ltr'>idem.</span> 
     </span>
    </p>
   </div>
   <div class='ocr_carea' id='block_1_7' title="bbox 1176 3868 4254 4377">
    <p class='ocr_par' dir='ltr' id='par_1_16' title="bbox 1176 3868 4254 4377">
     <span class='ocr_line' id='line_1_33' title="bbox 1428 3868 4252 3970; baseline -0.001 -24"><span class='ocrx_word' id='word_1_309' title='bbox 1428 3887 1722 3964; x_wconf 82' lang='lat' dir='ltr'>Vterque</span> <span class='ocrx_word' id='word_1_310' title='bbox 1744 3883 1988 3945; x_wconf 82' lang='lat' dir='ltr'>Caesar</span> <span class='ocrx_word' id='word_1_311' title='bbox 2007 3886 2080 3946; x_wconf 84' lang='lat' dir='ltr'>in</span> <span class='ocrx_word' id='word_1_312' title='bbox 2101 3895 2421 3965; x_wconf 78' lang='lat' dir='ltr'>suggestu</span> <span class='ocrx_word' id='word_1_313' title='bbox 2450 3884 2679 3946; x_wconf 82' lang='lat' dir='ltr'>adver·-</span> <span class='ocrx_word' id='word_1_314' title='bbox 2798 3885 3065 3947; x_wconf 81' lang='lat' dir='ltr'>Aversa</span> <span class='ocrx_word' id='word_1_315' title='bbox 3094 3888 3385 3962; x_wconf 80' lang='lat' dir='ltr'>incerta,</span> <span class='ocrx_word' id='word_1_316' title='bbox 3431 3886 3616 3947; x_wconf 76' lang='lat' dir='ltr'>haud</span> <span class='ocrx_word' id='word_1_317' title='bbox 3638 3886 3839 3950; x_wconf 79' lang='lat' dir='ltr'>dubie</span> <span class='ocrx_word' id='word_1_318' title='bbox 3874 3868 4097 3970; x_wconf 66' lang='lat' dir='ltr'>paire‘s</span> <span class='ocrx_word' id='word_1_319' title='bbox 4129 3887 4252 3945; x_wconf 82' lang='lat' dir='ltr'>Ves-</span> 
     </span>
     <span class='ocr_line' id='line_1_34' title="bbox 1418 3983 4247 4071; baseline 0.001 -25"><span class='ocrx_word' id='word_1_320' title='bbox 1418 4006 1537 4046; x_wconf 81' lang='lat' dir='ltr'>sus</span> <span class='ocrx_word' id='word_1_321' title='bbox 1564 3986 1816 4060; x_wconf 81' lang='lat' dir='ltr'>sedens,</span> <span class='ocrx_word' id='word_1_322' title='bbox 1849 3996 2006 4045; x_wconf 77' lang='lat' dir='ltr'>ante</span> <span class='ocrx_word' id='word_1_323' title='bbox 2035 4002 2554 4064; x_wconf 76' lang='lat' dir='ltr'>unumquemque</span> <span class='ocrx_word' id='word_1_324' title='bbox 2579 3984 2680 4045; x_wconf 79' lang='lat' dir='ltr'>in·</span> <span class='ocrx_word' id='word_1_325' title='bbox 2783 3987 3081 4068; x_wconf 76' lang='lat' dir='ltr'>pasiam&#39;.</span> <span class='ocrx_word' id='word_1_326' title='bbox 3126 3985 3266 4048; x_wconf 87' lang='lat' dir='ltr'><strong>AE.</strong></span> <span class='ocrx_word' id='word_1_327' title='bbox 3300 3987 3349 4050; x_wconf 89' lang='lat'><strong>1.</strong></span> <span class='ocrx_word' id='word_1_328' title='bbox 3394 3987 3646 4071; x_wconf 83' lang='lat' dir='ltr'>(Beger</span> <span class='ocrx_word' id='word_1_329' title='bbox 3681 3986 3885 4054; x_wconf 86' lang='lat' dir='ltr'>Thes.</span> <span class='ocrx_word' id='word_1_330' title='bbox 3928 3991 4041 4054; x_wconf 89' lang='lat' dir='ltr'>Br.</span> <span class='ocrx_word' id='word_1_331' title='bbox 4081 3989 4152 4050; x_wconf 83' lang='lat' dir='ltr'><strong>T.</strong></span> <span class='ocrx_word' id='word_1_332' title='bbox 4186 3983 4247 4044; x_wconf 80' lang='grc' dir='ltr'>ΙΙ-</span> 
     </span>
     <span class='ocr_line' id='line_1_35' title="bbox 1403 4085 3406 4172; baseline 0.002 -25"><span class='ocrx_word' id='word_1_333' title='bbox 1403 4085 1855 4172; x_wconf 74' lang='lat' dir='ltr'>firnefigura</span> <span class='ocrx_word' id='word_1_334' title='bbox 1887 4099 2125 4166; x_wconf 83' lang='lat' dir='ltr'>togata</span> <span class='ocrx_word' id='word_1_335' title='bbox 2156 4097 2369 4148; x_wconf 73' lang='lat' dir='ltr'>stans.</span> <span class='ocrx_word' id='word_1_336' title='bbox 2791 4107 2857 4169; x_wconf 88' lang='lat' dir='ltr'>p.</span> <span class='ocrx_word' id='word_1_337' title='bbox 2891 4085 3036 4151; x_wconf 80' lang='lat'><strong>631.</strong></span> <span class='ocrx_word' id='word_1_338' title='bbox 3079 4087 3406 4169; x_wconf 75' lang='lat' dir='ltr'>Mox-elli.)</span> 
     </span>
     <span class='ocr_line' id='line_1_36' title="bbox 1180 4185 4254 4276; baseline 0.001 -25"><span class='ocrx_word' id='word_1_339' title='bbox 1180 4188 1359 4253; x_wconf 84' lang='lat' dir='ltr'><strong>IMP.</strong></span> <span class='ocrx_word' id='word_1_340' title='bbox 1393 4187 1638 4254; x_wconf 82' lang='lat' dir='ltr'><strong>CAES.</strong></span> <span class='ocrx_word' id='word_1_341' title='bbox 1671 4187 1874 4256; x_wconf 82' lang='lat' dir='ltr'><strong>AVG.</strong></span> <span class='ocrx_word' id='word_1_342' title='bbox 1905 4187 2157 4255; x_wconf 90' lang='lat' dir='ltr'><strong>VESP.</strong></span> <span class='ocrx_word' id='word_1_343' title='bbox 2192 4186 2383 4253; x_wconf 90' lang='lat' dir='ltr'><strong>COS.</strong></span> <span class='ocrx_word' id='word_1_344' title='bbox 2419 4188 2500 4253; x_wconf 82' lang='lat'>11.</span> <span class='ocrx_word' id='word_1_345' title='bbox 2533 4186 2673 4248; x_wconf 79' lang='grc' dir='ltr'>ΤΒ.</span> <span class='ocrx_word' id='word_1_346' title='bbox 2878 4185 3164 4255; x_wconf 88' lang='lat' dir='ltr'>Eosdem</span> <span class='ocrx_word' id='word_1_347' title='bbox 3200 4187 3325 4252; x_wconf 87' lang='lat' dir='ltr'>hos</span> <span class='ocrx_word' id='word_1_348' title='bbox 3357 4211 3593 4257; x_wconf 87' lang='lat' dir='ltr'>numos</span> <span class='ocrx_word' id='word_1_349' title='bbox 3626 4190 3756 4276; x_wconf 83' lang='lat' dir='ltr'>jam</span> <span class='ocrx_word' id='word_1_350' title='bbox 3788 4192 4254 4276; x_wconf 75' lang='lat' dir='ltr'>descripseram,</span> 
     </span>
     <span class='ocr_line' id='line_1_37' title="bbox 1176 4289 4254 4377; baseline 0.002 -25"><span class='ocrx_word' id='word_1_351' title='bbox 1176 4291 1380 4356; x_wconf 87' lang='lat' dir='ltr'><strong>POT.</strong></span> <span class='ocrx_word' id='word_1_352' title='bbox 1446 4294 1661 4377; x_wconf 76' lang='lat' dir='ltr'>Caput</span> <span class='ocrx_word' id='word_1_353' title='bbox 1707 4292 2108 4354; x_wconf 83' lang='lat' dir='ltr'>laureatum.</span> <span class='ocrx_word' id='word_1_354' title='bbox 2175 4290 2317 4355; x_wconf 77' lang='grc' dir='ltr'>ΑΕ.</span> <span class='ocrx_word' id='word_1_355' title='bbox 2363 4290 2411 4354; x_wconf 90' lang='lat'><strong>1.</strong></span> <span class='ocrx_word' id='word_1_356' title='bbox 2470 4291 2673 4373; x_wconf 75' lang='lat' dir='ltr'>(Mus.</span> <span class='ocrx_word' id='word_1_357' title='bbox 2793 4289 2861 4349; x_wconf 91' lang='lat' dir='ltr'>in</span> <span class='ocrx_word' id='word_1_358' title='bbox 2902 4303 3163 4355; x_wconf 76' lang='lat' dir='ltr'>moneta</span> <span class='ocrx_word' id='word_1_359' title='bbox 3218 4291 3599 4376; x_wconf 86' lang='lat' dir='ltr'>Vespasiani</span> <span class='ocrx_word' id='word_1_360' title='bbox 3652 4293 3732 4357; x_wconf 87' lang='lat' dir='ltr'>ad</span> <span class='ocrx_word' id='word_1_361' title='bbox 3786 4294 3968 4359; x_wconf 87' lang='lat' dir='ltr'>hunc</span> <span class='ocrx_word' id='word_1_362' title='bbox 4023 4311 4254 4361; x_wconf 80' lang='lat' dir='ltr'>annum.</span> 
     </span>
    </p>
   </div>
   <div class='ocr_carea' id='block_1_8' title="bbox 1178 4393 4254 4492">
    <p class='ocr_par' dir='ltr' id='par_1_17' title="bbox 1178 4393 4254 4492">
     <span class='ocr_line' id='line_1_38' title="bbox 1178 4393 4254 4492; baseline -0.001 -36"><span class='ocrx_word' id='word_1_363' title='bbox 1178 4397 1393 4470; x_wconf 83' lang='lat' dir='ltr'>Caes.)</span> <span class='ocrx_word' id='word_1_364' title='bbox 2767 4411 2924 4492; x_wconf 66' lang='lat' dir='ltr'>0quo</span> <span class='ocrx_word' id='word_1_365' title='bbox 2965 4393 3119 4456; x_wconf 90' lang='lat' dir='ltr'>loco</span> <span class='ocrx_word' id='word_1_366' title='bbox 3163 4414 3392 4459; x_wconf 80' lang='lat' dir='ltr'>verum</span> <span class='ocrx_word' id='word_1_367' title='bbox 3439 4415 3671 4458; x_wconf 85' lang='lat' dir='ltr'>eorum</span> <span class='ocrx_word' id='word_1_368' title='bbox 3713 4398 4109 4480; x_wconf 82' lang='lat' dir='ltr'>explicatum</span> <span class='ocrx_word' id='word_1_369' title='bbox 4157 4407 4254 4456; x_wconf 78' lang='lat' dir='ltr'>sta·</span> 
     </span>
    </p>
   </div>
   <div class='ocr_carea' id='block_1_9' title="bbox 1179 4595 4250 4869">
    <p class='ocr_par' dir='ltr' id='par_1_18' title="bbox 1179 4595 4250 4869">
     <span class='ocr_line' id='line_1_39' title="bbox 1255 4595 4250 4678; baseline 0.001 -24"><span class='ocrx_word' id='word_1_370' title='bbox 1255 4601 1318 4671; x_wconf 81' lang='lat' dir='ltr'>a)</span> <span class='ocrx_word' id='word_1_371' title='bbox 1358 4599 1503 4657; x_wconf 83' lang='lat' dir='ltr'>Tac.</span> <span class='ocrx_word' id='word_1_372' title='bbox 1538 4596 1688 4656; x_wconf 78' lang='lat' dir='ltr'>nist.</span> <span class='ocrx_word' id='word_1_373' title='bbox 1720 4597 1821 4655; x_wconf 88' lang='lat' dir='ltr'>lv.</span> <span class='ocrx_word' id='word_1_374' title='bbox 1852 4608 1943 4671; x_wconf 77' lang='lat'><strong>39.</strong></span> <span class='ocrx_word' id='word_1_375' title='bbox 2160 4597 2234 4669; x_wconf 88' lang='lat' dir='ltr'>b)</span> <span class='ocrx_word' id='word_1_376' title='bbox 2282 4596 2443 4656; x_wconf 85' lang='lat' dir='ltr'>Suet.</span> <span class='ocrx_word' id='word_1_377' title='bbox 2471 4598 2528 4653; x_wconf 94' lang='lat' dir='ltr'>in</span> <span class='ocrx_word' id='word_1_378' title='bbox 2555 4598 2774 4656; x_wconf 81' lang='lat' dir='ltr'>Domit.</span> <span class='ocrx_word' id='word_1_379' title='bbox 2804 4619 2855 4657; x_wconf 87' lang='lat' dir='ltr'>c.</span> <span class='ocrx_word' id='word_1_380' title='bbox 2889 4613 2937 4660; x_wconf 86' lang='grc' dir='ltr'>ι.</span> <span class='ocrx_word' id='word_1_381' title='bbox 2981 4601 3124 4658; x_wconf 87' lang='lat' dir='ltr'>Tae.</span> <span class='ocrx_word' id='word_1_382' title='bbox 3143 4599 3226 4678; x_wconf 26' lang='lat' dir='ltr'><strong>H.-</strong></span> <span class='ocrx_word' id='word_1_383' title='bbox 3244 4601 3310 4658; x_wconf 86' lang='lat' dir='ltr'><strong>L.</strong></span> <span class='ocrx_word' id='word_1_384' title='bbox 3341 4601 3443 4660; x_wconf 83' lang='lat' dir='ltr'>IV.</span> <span class='ocrx_word' id='word_1_385' title='bbox 3472 4604 3711 4678; x_wconf 82' lang='lat' dir='ltr'>passim.</span> <span class='ocrx_word' id='word_1_386' title='bbox 3943 4605 4008 4677; x_wconf 86' lang='lat' dir='ltr'>c)</span> <span class='ocrx_word' id='word_1_387' title='bbox 4037 4603 4168 4658; x_wconf 85' lang='lat' dir='ltr'>Tac.</span> <span class='ocrx_word' id='word_1_388' title='bbox 4196 4595 4250 4651; x_wconf 76' lang='lat' dir='ltr'>H·</span> 
     </span>
     <span class='ocr_line' id='line_1_40' title="bbox 1179 4686 4250 4765; baseline 0.001 -22"><span class='ocrx_word' id='word_1_389' title='bbox 1179 4687 1245 4743; x_wconf 90' lang='lat' dir='ltr'><strong>L.</strong></span> <span class='ocrx_word' id='word_1_390' title='bbox 1283 4687 1382 4745; x_wconf 89' lang='lat' dir='ltr'>IV.</span> <span class='ocrx_word' id='word_1_391' title='bbox 1412 4689 1502 4749; x_wconf 80' lang='lat'><strong>68.</strong></span> <span class='ocrx_word' id='word_1_392' title='bbox 1532 4698 1620 4750; x_wconf 84' lang='lat'><strong>85.</strong></span> <span class='ocrx_word' id='word_1_393' title='bbox 1660 4689 1746 4751; x_wconf 87' lang='lat'>56.</span> <span class='ocrx_word' id='word_1_394' title='bbox 1785 4687 1945 4744; x_wconf 90' lang='lat' dir='ltr'>Suet.</span> <span class='ocrx_word' id='word_1_395' title='bbox 1977 4686 2037 4741; x_wconf 91' lang='lat' dir='ltr'>in</span> <span class='ocrx_word' id='word_1_396' title='bbox 2070 4687 2291 4744; x_wconf 87' lang='lat' dir='ltr'>Domit.</span> <span class='ocrx_word' id='word_1_397' title='bbox 2323 4708 2376 4745; x_wconf 85' lang='lat' dir='ltr'>c.</span> <span class='ocrx_word' id='word_1_398' title='bbox 2401 4701 2455 4749; x_wconf 81' lang='lat'><strong>2.</strong></span> <span class='ocrx_word' id='word_1_399' title='bbox 2486 4687 2666 4747; x_wconf 83' lang='lat' dir='ltr'>Silius</span> <span class='ocrx_word' id='word_1_400' title='bbox 2697 4688 2827 4747; x_wconf 83' lang='lat' dir='ltr'>Ital.</span> <span class='ocrx_word' id='word_1_401' title='bbox 2857 4690 3062 4748; x_wconf 85' lang='lat' dir='ltr'>Punic.</span> <span class='ocrx_word' id='word_1_402' title='bbox 3091 4691 3196 4748; x_wconf 90' lang='lat'><strong>111.</strong></span> <span class='ocrx_word' id='word_1_403' title='bbox 3223 4696 3351 4755; x_wconf 76' lang='lat'><strong>603.</strong></span> <span class='ocrx_word' id='word_1_404' title='bbox 3574 4693 3644 4765; x_wconf 85' lang='lat' dir='ltr'>d)</span> <span class='ocrx_word' id='word_1_405' title='bbox 3671 4692 3790 4750; x_wconf 74' lang='lat' dir='ltr'>Dio</span> <span class='ocrx_word' id='word_1_406' title='bbox 3821 4693 3890 4751; x_wconf 89' lang='lat' dir='ltr'><strong>L.</strong></span> <span class='ocrx_word' id='word_1_407' title='bbox 3919 4691 4120 4753; x_wconf 80' lang='lat' dir='ltr'><strong>LXVI.</strong></span> <span class='ocrx_word' id='word_1_408' title='bbox 4145 4691 4187 4760; x_wconf 65' lang='lat'>§-</span> <span class='ocrx_word' id='word_1_409' title='bbox 4211 4698 4250 4748; x_wconf 74' lang='lat'>5·</span> 
     </span>
     <span class='ocr_line' id='line_1_41' title="bbox 1180 4773 3480 4869; baseline 0.002 -35"><span class='ocrx_word' id='word_1_410' title='bbox 1180 4777 1340 4835; x_wconf 83' lang='lat' dir='ltr'>Suet.</span> <span class='ocrx_word' id='word_1_411' title='bbox 1367 4796 1417 4833; x_wconf 85' lang='lat' dir='ltr'>c.</span> <span class='ocrx_word' id='word_1_412' title='bbox 1452 4773 1476 4816; x_wconf 82' lang='lat'><strong>¹</strong></span> <span class='ocrx_word' id='word_1_413' title='bbox 1733 4779 1794 4846; x_wconf 84' lang='lat' dir='ltr'>e)</span> <span class='ocrx_word' id='word_1_414' title='bbox 1836 4776 1996 4834; x_wconf 86' lang='lat' dir='ltr'>Suet.</span> <span class='ocrx_word' id='word_1_415' title='bbox 2026 4778 2086 4832; x_wconf 90' lang='lat' dir='ltr'>in</span> <span class='ocrx_word' id='word_1_416' title='bbox 2112 4776 2327 4834; x_wconf 88' lang='lat' dir='ltr'>Domit.</span> <span class='ocrx_word' id='word_1_417' title='bbox 2361 4797 2412 4834; x_wconf 87' lang='lat' dir='ltr'>c.</span> <span class='ocrx_word' id='word_1_418' title='bbox 2450 4791 2500 4837; x_wconf 81' lang='lat'><strong>2.</strong></span> <span class='ocrx_word' id='word_1_419' title='bbox 2542 4778 2779 4869; x_wconf 80' lang='lat' dir='ltr'>Ioseph.</span> <span class='ocrx_word' id='word_1_420' title='bbox 2818 4778 2964 4838; x_wconf 84' lang='lat' dir='ltr'>Bell.</span> <span class='ocrx_word' id='word_1_421' title='bbox 3007 4780 3139 4837; x_wconf 87' lang='lat' dir='ltr'>Iud.</span> <span class='ocrx_word' id='word_1_422' title='bbox 3169 4781 3233 4840; x_wconf 89' lang='lat' dir='ltr'><strong>L.</strong></span> <span class='ocrx_word' id='word_1_423' title='bbox 3269 4782 3396 4840; x_wconf 80' lang='lat' dir='ltr'>Vn.</span> <span class='ocrx_word' id='word_1_424' title='bbox 3430 4794 3480 4844; x_wconf 84' lang='lat'><strong>5.</strong></span> 
     </span>
    </p>
   </div>
   <div class='ocr_carea' id='block_1_10' title="bbox 4396 2601 4409 3248">
    <p class='ocr_par' dir='ltr' id='par_1_19' title="bbox 4396 2601 4409 3248">
     <span class='ocr_line' id='line_1_42' title="bbox 4396 2601 4409 3248; baseline 0 0"><span class='ocrx_word' id='word_1_425' title='bbox 4396 2601 4409 3248; x_wconf 95' lang='lat' dir='ltr'> </span> 
     </span>
    </p>
   </div>
   <div class='ocr_carea' id='block_1_11' title="bbox 4385 3409 4403 4338">
    <p class='ocr_par' dir='ltr' id='par_1_20' title="bbox 4385 3409 4403 4338">
     <span class='ocr_line' id='line_1_43' title="bbox 4385 3409 4403 4338; baseline 0 0"><span class='ocrx_word' id='word_1_426' title='bbox 4385 3409 4403 4338; x_wconf 95' lang='lat' dir='ltr'> </span> 
     </span>
    </p>
   </div>
  </div>
 </body>
</html>
