4509 5584
1090 601 1238 674 512
2237 571 3035 654 HADRIANVS.

1171 753 1294 816 Est
1334 748 1441 814 hic
1485 768 1651 835 pons
1686 747 1916 813 Tiberi
1954 745 2340 833 impositus,
2397 759 2466 811 et
2508 746 2591 814 ab

1081 855 1417 924 Hadriano
1468 851 1679 916 dietus
1722 850 1953 916 Aelius
2014 863 2186 916 teste
2245 851 2465 915 Dione
2510 851 2590 932 ⁸)-

1079 959 1243 1043 Ejus
1286 953 1583 1020 meminit
1620 953 1816 1017 etiam
1849 952 2226 1039 Spartianus
2258 949 2357 1030 ¹²)=
2404 952 2592 1036 ficit

1079 1074 1149 1125 et
1184 1060 1297 1123 sui
1316 1057 1606 1120 nominis
1639 1067 1932 1140 pontem.
1971 1055 2077 1119 De
2102 1073 2305 1118 namo
2327 1054 2462 1118 >boc
2491 1052 2588 1118 sic

1079 1158 1395 1225 Baldinus
1439 1171 1534 1235 (ῦς
1601 1157 1954 1222 dummodo
2018 1159 2114 1224 sit
2161 1157 2587 1221 indubitatae

1082 1265 1556 1349 antiquitatis,
1620 1279 1664 1321 a
1688 1260 1932 1342 peritis
1972 1261 2149 1322 enim
2175 1278 2298 1341 pro
2327 1278 2591 1342 suspec-

1082 1382 1155 1435 to
1213 1369 1517 1432 liabetur.
1606 1362 1779 1426 Sane
1838 1359 1906 1422 in
1956 1362 2285 1425 Caesareo
2323 1379 2585 1446 quoque

1083 1489 1313 1535 museo
1362 1467 1504 1551 ejus
1545 1462 1922 1549 exemplum
1975 1461 2198 1541 adest,
2262 1461 2382 1527 sed
2413 1459 2587 1527 haud

1082 1571 1282 1637 dubie
1317 1567 1629 1655 spurium.

1375 1677 1467 1736 Vt
1500 1672 1608 1738 lit.
1629 1670 1716 1735 H.

1088 1777 1249 1844 Sine
1282 1772 1658 1857 epigraphe.
1692 1770 1828 1834 Isis
1856 1769 2197 1855 cumflore
2219 1768 2351 1830 loti
2376 1769 2449 1832 in
2480 1788 2589 1832 ea·

1080 1882 1228 1962 pite
1255 1878 1412 1939 cani
1438 1872 1852 1956 praegrandi
1882 1871 2183 1932 currenti
2223 1871 2493 1948 Insidet,
2523 1872 2589 1937 d.

1085 1983 1395 2052 sistrum,
1432 1996 1493 2039 s.
1526 1973 1816 2039 hastam.
1867 1972 2008 2033 AE.
2033 1972 2113 2035 11.
2146 1971 2347 2053 (Mus.
2370 1972 2594 2055 Caes.)

1168 2078 1352 2141 Idem
1418 2088 1609 2159 typus
1665 2086 1876 2139 exstat
1930 2073 1999 2136 in
2052 2095 2261 2139 aeneo
2318 2077 2402 2141 ΙΙ.
2457 2074 2595 2138 for·

1081 2201 1228 2246 mae
1266 2180 1428 2244 item
1484 2175 1929 2261 anepigrapbo
1984 2176 2332 2241 Faustinae
2380 2178 2597 2240 senio·

1084 2285 1181 2348 ris
1232 2280 1404 2365 apud
1450 2278 1814 2362 Theupoli,
1890 2293 1959 2342 et
2006 2278 2076 2340 in
2110 2300 2311 2344 numo
2361 2279 2598 2342 Fl.1u·

1081 2385 1242 2449 liani
1288 2380 1501 2446 musei
1542 2378 1849 2444 Caesarei
1886 2380 2238 2464 inscripto:
2316 2381 2591 2449 VOTA.

983 2517 994 2526 ·
1085 2482 1493 2553 PVBLICA.
1615 2481 1786 2543 Eum
1861 2481 2253 2565 explicatum
2312 2482 2464 2547 vide
2521 2485 2592 2547 in

1090 2587 1346 2652 numia:
1421 2580 1693 2651 VOTA.
1753 2583 2170 2661 PVBLICA,
2236 2606 2400 2669 quos
2444 2599 2593 2672 post

1092 2687 1389 2774 ejusdem
1426 2684 1669 2749 Juliani
1695 2704 1930 2748 numos
1961 2685 2401 2752 recitabimus.

1272 2935 1639 3016 DIVVS
1682 2935 2419 3012 HADRIANVS.

1461 3087 2593 3166 DIVVS.HADR1ANVS.AVG.

1388 3198 1606 3278 Caput
1643 3197 1913 3260 nudum.

1093 3296 1748 3365 CONSECRATIO.
1833 3299 2101 3378 Aquila
2153 3300 2358 3381 globo
2428 3303 2593 3365 iusi·

1090 3416 1295 3468 stens.
1327 3402 1474 3470 AV.
1502 3402 1702 3482 (Mus.
1723 3398 1942 3480 Caes.)

1181 3505 1459 3567 Senatus
1493 3501 1579 3567 ob
1614 3520 1840 3565 caesos
1880 3501 2255 3585 complures
2293 3503 2588 3569 illustres

1095 3605 1345 3670 ordinis
1396 3604 1499 3668 sui
1553 3603 1731 3668 viros
1751 3648 1769 3679 ,
1827 3602 1911 3668 de
1955 3603 2188 3688 quibus
2240 3606 2352 3689 egi
2395 3629 2590 3691 supra

1094 3707 1165 3767 in
1221 3706 1486 3787 synopsi
1527 3703 1668 3785 ejus
1710 3704 1880 3768 vitae
1911 3749 1931 3781 ,
2015 3719 2145 3768 tam
2189 3705 2589 3774 inflammato

1098 3820 1241 3871 erat
1284 3807 1355 3868 in
1396 3804 1799 3869 Hadrianum
1847 3803 2001 3869 odio
2039 3850 2058 3884 ,
2135 3821 2215 3873 nt
2242 3809 2413 3873 'acta
2456 3811 2597 3892 ejus

1076 3906 1247 4003 fieri
1292 3912 1491 3973 irrita
1548 3906 1785 3984 vellet,
1845 3928 1963 3970 neo
2011 3909 2389 3991 appellatus
2423 3926 2598 3978 esset

1096 4014 1295 4076 divus
1314 4012 1448 4075 nist
1436 4010 1863 4074 ’Antoninus
1894 4024 2217 4091 rogasset.
2264 4013 2595 4100 Templum

1097 4115 1381 4195 denique
1432 4116 1499 4175 ei
1535 4133 1657 4196 pro
1705 4112 2002 4193 sepulcro
2057 4115 2236 4194 apud
2281 4118 2599 4181 Puteolos

1097 4218 1492 4291 constituit,
1515 4227 1581 4278 ct
1615 4216 2102 4294 quinquennale
2131 4230 2500 4296 certamen,
2529 4233 2594 4285 ee

1074 4318 1424 4404 flamines,
1461 4328 1528 4379 et
1552 4316 1840 4392 sodales,
1881 4328 1950 4378 et
1978 4320 2199 4382 multa
2216 4321 2389 4397 alta,
2426 4337 2597 4401 quae

1094 4422 1189 4483 ad
1244 4421 1560 4484 honorem
1624 4418 1823 4496 quasi
1882 4421 2179 4483 numinis
2233 4424 2595 4501 pertinent.

1097 4521 1281 4586 Haec
1324 4518 1701 4604 Spartianus
1732 4516 1820 4599 d).
1898 4518 2149 4585 Similia
2193 4521 2327 4586 Dio
2359 4524 2468 4608 Β),
2527 4537 2598 4588 et

2704 746 3087 834 Eutropius.
3160 743 3363 810 Addit
3400 725 3635 815 Victor
3685 711 3777 831 Ι).
3847 759 4204 834 postquam

2703 850 2919 915 subito
2976 849 3332 935 prodivere
3364 895 3385 929 ,
3456 869 3738 938 quorum
3805 848 4207 937 imperatum
4321 889 4330 896 ·

2704 951 2974 1037 quidem
3021 950 3103 1017 ab
3141 949 3477 1016 Hadriano
3519 952 3792 1019 exitium
3833 954 4004 1033 fuit,
4079 953 4208 1018 sed

2704 1075 2867 1142 quos
2901 1055 3045 1139 ejus
3076 1055 3291 1119 furori
3323 1054 3614 1121 studiose
3643 1056 3967 1121 subtraxit
3995 1057 4208 1121 Anto·

2698 1158 2929 1236 ninus,
2988 1171 3126 1221 tum
3178 1171 3517 1223 senatores
3552 1180 3705 1223 snos
3747 1159 3993 1245 quique
4026 1180 4209 1223 com·

2695 1261 2877 1346 plexi
2927 1281 3249 1325 censuere
3277 1307 3294 1338 ‚
3352 1262 3533 1345 quod
3570 1262 3897 1347 principio
3956 1261 4206 1326 abnue·

2698 1376 2863 1428 rant.
2894 1364 3000 1427 De
3027 1363 3385 1428 certamine
3405 1364 3870 1450 quinquennali
3883 1364 4057 1452 apud
4077 1367 4208 1427 Pu·

2699 1465 2916 1529 teolos
2967 1461 3320 1529 constituto
3373 1466 3677 1544 consule,
3752 1487 3919 1553 quae
3967 1468 4034 1529 in
4067 1469 4206 1528 An-

2697 1567 2924 1630 tonino
2951 1567 3073 1630 sub
3104 1569 3292 1631 titulo
3333 1572 3499 1633 Pius
3525 1568 3796 1634 notabo.
3856 1570 3933 1633 L.
3955 1570 4208 1635 Fabius

2703 1669 2849 1732 Cilo
2905 1668 3144 1732 dicitur
3202 1671 3564 1734 SODALis
3614 1671 4210 1736 HADMANALis

2704 1769 2917 1834 adhuc
2945 1772 3310 1855 imperante
3330 1773 3586 1837 Severo
3613 1772 3681 1834 in
3717 1772 3889 1836 binis
3924 1795 4210 1838 marmo-

2704 1874 2921 1952 ribus,
2983 1896 3148 1960 quae
3183 1889 3335 1958 post
3364 1876 3527 1940 alios
3558 1873 3967 1941 emendatius
3997 1877 4212 1941 edidit

2708 1975 2980 2060 insignis
3007 1977 3322 2041 Uarinius
3352 1979 3436 2062 ε).

3229 2167 3269 2205 ἃ
3438 2122 3479 2161 *
3646 2168 3686 2206 ἃ

2991 2266 3786 2338 D1V0.HADR1ANO.
3845 2270 4064 2355 Caput
4105 2290 4216 2334 ra·

2993 2370 3276 2434 diacum.

2707 2468 3360 2536 CONSECRATIO.
3405 2474 3671 2554 Aquila
3711 2487 3910 2539 stans
3960 2495 4218 2557 expan-

2704 2578 2803 2637 sis
2824 2573 2978 2640 alis.
3034 2575 3110 2638 In
3133 2573 3311 2640 aliist
3353 2576 3510 2639 Ara
3539 2577 3785 2661 Ignita.
3822 2577 3969 2642 AB.
4006 2579 4216 2651 (nus.

2704 2674 2927 2756 Caes.)

2789 2777 2957 2840 Sunt
2988 2779 3247 2864 argenti
3278 2777 3553 2862 impuri,
3608 2780 3950 2867 multoque
3990 2784 4215 2848 serius

2706 2879 2981 2964 signati,
3021 2879 3107 2944 de
3151 2901 3281 2967 quo
3308 2901 3656 2944 numornm
3693 2903 3949 2967 genere
3973 2898 4215 2969 agetur

2703 2981 2772 3044 in
2818 2996 3094 3048 tractatu
3147 2983 3233 3049 d‘e
3279 2967 3495 3046 numia
3537 2986 4070 3052 consecrationis.

2841 3172 2946 3234 De
2979 3173 3203 3238 numis
3229 3172 3457 3233 aeneis
3486 3174 3776 3236 mam'mi
3806 3172 4082 3236 moduli.

2794 3305 2932 3370 Sub
2949 3304 3285 3370 Hadriano
3314 3306 3466 3370 cudi
3499 3307 3719 3392 coepti
3763 3308 3978 3385 numi,
4036 3327 4213 3393 qnos

2703 3408 2974 3492 proprie
3015 3412 3304 3472 maximi
3329 3410 3587 3473 moduli
3618 3409 4060 3495 appellamus,
4113 3411 4216 3473 ni·

2702 3510 2942 3573 mirum
2987 3510 3100 3596 qui
3146 3530 3264 3573 seu
3295 3510 3502 3587 mole,
3563 3532 3684 3576 seu
3721 3512 4058 3579 volumine
4091 3534 4214 3577 nn·

2702 3633 2846 3676 mos
2895 3611 3146 3697 primae
3191 3611 3443 3698 formae
3490 3613 3858 3694 excedunt,
3932 3629 4003 3679 et
4050 3630 4212 3679 nota

2702 3713 2895 3779 solita
2930 3715 2997 3780 S.
3025 3714 3098 3780 C.
3123 3712 3271 3777 fere
3300 3729 3675 3781 constanter
3699 3716 4062 3794 abstinent,
4095 3739 4214 3782 ne·

2710 3835 2838 3901 que
2902 3814 3070 3881 adeo
3121 3816 3341 3880 eidem
3404 3818 3551 3881 usui
3608 3819 3919 3886 videntur
3971 3823 4217 3883 servis·

2710 3937 2783 3981 se
2814 3962 2833 3995 ,
2912 3917 3019 3981 cui
3073 3918 3337 4005 reliqua
3384 3933 3646 3984 moneta
3699 3942 3924 3987 aenea.
4029 3923 4216 3986 Istud

2708 4017 2819 4083 bic
2846 4017 2927 4094 ὥς
2940 4017 3001 4083 ἐν
3031 4013 3280 4104 παςοδῳ
3302 4021 3630 4088 monuisse
3653 4015 4029 4102 suffecerit,
4059 4047 4216 4091 nam

2712 4118 2797 4185 de
2848 4119 2978 4185 hoc
3023 4138 3412 4206 argumente
3457 4126 3585 4208 jam
3643 4125 3899 4210 egimus
3935 4127 4096 4192 olim
4149 4130 4219 4191 in

2710 4222 3214 4308 Prolegomenis
3274 4225 3696 4311 generalibus
3746 4228 3903 4296 Vol.
3959 4231 4012 4296 1.
4070 4251 4216 4315 cap.

2709 4324 2792 4389 V.
2838 4338 2906 4387 et
2947 4324 3029 4386 X.
3128 4330 3312 4392 Iuvat
3361 4341 3581 4393 tamen
3630 4327 3757 4393 hoc
3826 4329 3980 4395 loco
4037 4353 4218 4398 com·

2708 4437 3081 4490 memorare
3152 4429 3534 4494 orationem
3592 4453 3627 4495 a
3692 4431 4215 4499 W'inltelmanno

2708 4546 2942 4611 parum
3005 4532 3307 4595 consulte
3387 4534 3729 4615 prolatam.
3846 4537 4218 4600 Observan-

1101 4649 4215 4691 mmm

1173 4728 1239 4797 a)
1277 4725 1346 4781 1..
1383 4724 1585 4784 LXIX.
1623 4725 1780 4798 §.23.

1109 4812 1191 4870 ub
1233 4814 1332 4874 fin.
1374 4893 1379 4904 ⁸

1947 4727 2019 4802 b>
2062 4730 2334 4806 Cap.19..

1482 4819 1546 4887 e)
1585 4816 1650 4876 L.
1692 4815 1862 4890 Lxx.
1904 4819 1953 4892 §.
1978 4832 2026 4878 t.
2179 4820 2232 4892 s)
2272 4819 2346 4898 in,
2376 4820 2584 4881 caess,

2484 4733 2546 4804 c)
2586 4731 2644 4789 in
2681 4732 2856 4812 tiu.
2897 4735 3043 4796 edit.
3074 4735 3245 4798 Rom.
3280 4737 3398 4797 :121
3451 4758 3514 4814 p.
3533 4740 3627 4801 68.

3810 4739 3880 4811 d)
3921 4740 3983 4796 in
4025 4739 4210 4798 Hadr.

2717 4825 2800 4918 g)
2841 4824 3039 4885 lscriz,
3082 4824 3296 4900 Alban,
3329 4848 3397 4904 Ρ,
3420 4841 3508 4891 50,
