<?xml version="1.0" encoding="UTF-8"?>
<!DOCTYPE html PUBLIC "-//W3C//DTD XHTML 1.0 Transitional//EN"
    "http://www.w3.org/TR/xhtml1/DTD/xhtml1-transitional.dtd">
<html xmlns="http://www.w3.org/1999/xhtml" xml:lang="en" lang="en">
 <head>
  <title>
</title>
<meta http-equiv="Content-Type" content="text/html;charset=utf-8" />
  <meta name='ocr-system' content='tesseract 3.04.00' />
  <meta name='ocr-capabilities' content='ocr_page ocr_carea ocr_par ocr_line ocrx_word'/>
</head>
<body>
  <div class='ocr_page' id='page_1' title='image "./doctrinanumorum00unkngoog_0380.png"; bbox 0 0 4509 5584; ppageno 0'>
   <div class='ocr_carea' id='block_1_1' title="bbox 1041 602 1378 694">
    <p class='ocr_par' dir='ltr' id='par_1_1' title="bbox 1041 602 1378 694">
     <span class='ocr_line' id='line_1_1' title="bbox 1041 602 1378 694; baseline 0.006 -20"><span class='ocrx_word' id='word_1_1' title='bbox 1041 602 1378 694; x_wconf 45' lang='lat' dir='ltr'><strong>.3ltlt‚</strong></span> 
     </span>
    </p>
   </div>
   <div class='ocr_carea' id='block_1_2' title="bbox 1124 749 2622 1737">
    <p class='ocr_par' dir='ltr' id='par_1_2' title="bbox 1171 749 2616 1040">
     <span class='ocr_line' id='line_1_2' title="bbox 1453 749 2616 839; baseline 0 -20"><span class='ocrx_word' id='word_1_2' title='bbox 1453 756 1591 822; x_wconf 77' lang='grc' dir='ltr'><strong>ΤΒ.</strong></span> <span class='ocrx_word' id='word_1_3' title='bbox 1620 752 1823 820; x_wconf 86' lang='grc' dir='ltr'><strong>ΡΟΤ.</strong></span> <span class='ocrx_word' id='word_1_4' title='bbox 1847 749 1932 821; x_wconf 74' lang='lat' dir='ltr'><strong>X‘.</strong></span> <span class='ocrx_word' id='word_1_5' title='bbox 1966 752 2157 822; x_wconf 89' lang='lat' dir='ltr'><strong>COS.</strong></span> <span class='ocrx_word' id='word_1_6' title='bbox 2188 756 2300 821; x_wconf 76' lang='lat' dir='ltr'><strong>IX.</strong></span> <span class='ocrx_word' id='word_1_7' title='bbox 2335 755 2616 839; x_wconf 78' lang='lat' dir='ltr'><strong>(Gruter</strong></span> 
     </span>
     <span class='ocr_line' id='line_1_3' title="bbox 1171 857 2614 944; baseline 0.001 -22"><span class='ocrx_word' id='word_1_8' title='bbox 1171 865 1178 872; x_wconf 84' lang='lat'><strong><em>&#39;</em></strong></span> <span class='ocrx_word' id='word_1_9' title='bbox 1309 857 1328 865; x_wconf 83' lang='lat'><strong><em>‘</em></strong></span> <span class='ocrx_word' id='word_1_10' title='bbox 1451 878 1600 942; x_wconf 83' lang='lat' dir='ltr'><strong>pag.</strong></span> <span class='ocrx_word' id='word_1_11' title='bbox 1656 858 1995 924; x_wconf 79' lang='lat' dir='ltr'><strong>CCXLIII.</strong></span> <span class='ocrx_word' id='word_1_12' title='bbox 2042 859 2108 925; x_wconf 90' lang='grc'><strong>8.</strong></span> <span class='ocrx_word' id='word_1_13' title='bbox 2176 861 2416 925; x_wconf 75' lang='lat' dir='ltr'><strong>Murat.</strong></span> <span class='ocrx_word' id='word_1_14' title='bbox 2462 880 2614 944; x_wconf 81' lang='lat' dir='ltr'><strong>pag.</strong></span> 
     </span>
     <span class='ocr_line' id='line_1_4' title="bbox 1454 961 2000 1040; baseline 0.005 -18"><span class='ocrx_word' id='word_1_15' title='bbox 1454 961 1862 1029; x_wconf 81' lang='lat' dir='ltr'><strong>ccxxvm.</strong></span> <span class='ocrx_word' id='word_1_16' title='bbox 1895 961 2000 1040; x_wconf 80' lang='grc'><strong>4.)</strong></span> 
     </span>
    </p>

    <p class='ocr_par' dir='ltr' id='par_1_3' title="bbox 1124 1060 2622 1737">
     <span class='ocr_line' id='line_1_5' title="bbox 1257 1060 2617 1155; baseline 0 -31"><span class='ocrx_word' id='word_1_17' title='bbox 1257 1060 1442 1155; x_wconf 79' lang='lat' dir='ltr'><strong>Quae</strong></span> <span class='ocrx_word' id='word_1_18' title='bbox 1489 1061 1691 1126; x_wconf 76' lang='lat' dir='ltr'><strong>fuerit</strong></span> <span class='ocrx_word' id='word_1_19' title='bbox 1743 1062 1883 1144; x_wconf 81' lang='lat' dir='ltr'><strong>ejus</strong></span> <span class='ocrx_word' id='word_1_20' title='bbox 1927 1060 2098 1124; x_wconf 88' lang='lat' dir='ltr'><strong>tituli</strong></span> <span class='ocrx_word' id='word_1_21' title='bbox 2145 1061 2617 1146; x_wconf 84' lang='lat' dir='ltr'><strong>multiplicandi</strong></span> 
     </span>
     <span class='ocr_line' id='line_1_6' title="bbox 1128 1162 2620 1250; baseline -0.002 -22"><span class='ocrx_word' id='word_1_22' title='bbox 1128 1162 1422 1241; x_wconf 87' lang='lat' dir='ltr'><strong>occasio,</strong></span> <span class='ocrx_word' id='word_1_23' title='bbox 1449 1164 1604 1226; x_wconf 87' lang='lat' dir='ltr'><strong>&#39;nisi</strong></span> <span class='ocrx_word' id='word_1_24' title='bbox 1644 1163 2040 1244; x_wconf 86' lang='lat' dir='ltr'><strong>conjecturis</strong></span> <span class='ocrx_word' id='word_1_25' title='bbox 2086 1177 2154 1227; x_wconf 86' lang='lat' dir='ltr'><strong>te</strong></span> <span class='ocrx_word' id='word_1_26' title='bbox 2200 1167 2458 1250; x_wconf 85' lang='lat' dir='ltr'><strong>penitus</strong></span> <span class='ocrx_word' id='word_1_27' title='bbox 2500 1165 2620 1225; x_wconf 88' lang='lat' dir='ltr'><strong>im-</strong></span> 
     </span>
     <span class='ocr_line' id='line_1_7' title="bbox 1124 1262 2621 1349; baseline 0.002 -22"><span class='ocrx_word' id='word_1_28' title='bbox 1124 1284 1421 1349; x_wconf 77' lang='lat' dir='ltr'><strong>mergas,</strong></span> <span class='ocrx_word' id='word_1_29' title='bbox 1474 1262 1744 1328; x_wconf 83' lang='lat' dir='ltr'><strong>difficile</strong></span> <span class='ocrx_word' id='word_1_30' title='bbox 1789 1278 1889 1327; x_wconf 87' lang='lat' dir='ltr'><strong>est</strong></span> <span class='ocrx_word' id='word_1_31' title='bbox 1931 1263 2299 1330; x_wconf 49' lang='lat' dir='ltr'><strong>decidere:</strong></span> <span class='ocrx_word' id='word_1_32' title='bbox 2345 1269 2621 1331; x_wconf 84' lang='lat' dir='ltr'><strong>Interie-</strong></span> 
     </span>
     <span class='ocr_line' id='line_1_8' title="bbox 1126 1365 2621 1452; baseline 0 -22"><span class='ocrx_word' id='word_1_33' title='bbox 1126 1386 1207 1430; x_wconf 87' lang='lat' dir='ltr'><strong>re</strong></span> <span class='ocrx_word' id='word_1_34' title='bbox 1242 1368 1598 1452; x_wconf 86' lang='lat' dir='ltr'><strong>scriptores</strong></span> <span class='ocrx_word' id='word_1_35' title='bbox 1634 1365 1934 1452; x_wconf 77' lang='lat' dir='ltr'><strong>plerique</strong></span> <span class='ocrx_word' id='word_1_36' title='bbox 1978 1366 2169 1451; x_wconf 78' lang='lat' dir='ltr'><strong>hujus</strong></span> <span class='ocrx_word' id='word_1_37' title='bbox 2211 1367 2504 1451; x_wconf 85' lang='lat' dir='ltr'><strong>imperii,</strong></span> <span class='ocrx_word' id='word_1_38' title='bbox 2554 1381 2621 1430; x_wconf 89' lang='lat' dir='ltr'><strong>et</strong></span> 
     </span>
     <span class='ocr_line' id='line_1_9' title="bbox 1128 1469 2621 1551; baseline -0.003 -15"><span class='ocrx_word' id='word_1_39' title='bbox 1128 1482 1416 1545; x_wconf 80' lang='lat' dir='ltr'><strong>constat,</strong></span> <span class='ocrx_word' id='word_1_40' title='bbox 1494 1483 1565 1532; x_wconf 90' lang='lat' dir='ltr'><strong>ut</strong></span> <span class='ocrx_word' id='word_1_41' title='bbox 1628 1469 1784 1532; x_wconf 84' lang='lat' dir='ltr'><strong>alias</strong></span> <span class='ocrx_word' id='word_1_42' title='bbox 1849 1469 2111 1544; x_wconf 83' lang='lat' dir='ltr'><strong>monui,</strong></span> <span class='ocrx_word' id='word_1_43' title='bbox 2185 1469 2621 1551; x_wconf 84' lang='lat' dir='ltr'><strong>imperatores</strong></span> 
     </span>
     <span class='ocr_line' id='line_1_10' title="bbox 1130 1568 2622 1638; baseline 0 -4"><span class='ocrx_word' id='word_1_44' title='bbox 1130 1571 1323 1634; x_wconf 86' lang='lat' dir='ltr'><strong>etiam</strong></span> <span class='ocrx_word' id='word_1_45' title='bbox 1378 1570 1636 1638; x_wconf 80' lang='lat' dir='ltr'><strong>levibus</strong></span> <span class='ocrx_word' id='word_1_46' title='bbox 1692 1590 1776 1634; x_wconf 79' lang='lat' dir='ltr'><strong>ex</strong></span> <span class='ocrx_word' id='word_1_47' title='bbox 1830 1568 2038 1633; x_wconf 81' lang='lat' dir='ltr'><strong>causis</strong></span> <span class='ocrx_word' id='word_1_48' title='bbox 2079 1570 2254 1635; x_wconf 80' lang='lat' dir='ltr'><strong>hunc</strong></span> <span class='ocrx_word' id='word_1_49' title='bbox 2298 1570 2622 1635; x_wconf 84' lang='lat' dir='ltr'><strong>honorem</strong></span> 
     </span>
     <span class='ocr_line' id='line_1_11' title="bbox 1133 1673 1426 1737; baseline 0 -4"><span class='ocrx_word' id='word_1_50' title='bbox 1133 1673 1426 1737; x_wconf 73' lang='lat' dir='ltr'><strong>iterasse.</strong></span> 
     </span>
    </p>
   </div>
   <div class='ocr_carea' id='block_1_3' title="bbox 1715 1857 2055 1922">
    <p class='ocr_par' dir='ltr' id='par_1_4' title="bbox 1715 1857 2055 1922">
     <span class='ocr_line' id='line_1_12' title="bbox 1715 1857 2055 1922; baseline 0 -2"><span class='ocrx_word' id='word_1_51' title='bbox 1715 1857 2055 1922; x_wconf 80' lang='lat' dir='ltr'><strong>Censor.</strong></span> 
     </span>
    </p>
   </div>
   <div class='ocr_carea' id='block_1_4' title="bbox 1121 1975 2647 4075">
    <p class='ocr_par' dir='ltr' id='par_1_5' title="bbox 1121 1975 2647 4075">
     <span class='ocr_line' id='line_1_13' title="bbox 1257 1975 2624 2059; baseline 0.001 -19"><span class='ocrx_word' id='word_1_52' title='bbox 1257 1976 1548 2040; x_wconf 77' lang='lat' dir='ltr'><strong>Censura</strong></span> <span class='ocrx_word' id='word_1_53' title='bbox 1594 1975 1977 2059; x_wconf 75' lang='lat' dir='ltr'><strong>Vespasiani</strong></span> <span class='ocrx_word' id='word_1_54' title='bbox 2024 1976 2243 2042; x_wconf 87' lang='lat' dir='ltr'><strong>multis</strong></span> <span class='ocrx_word' id='word_1_55' title='bbox 2298 1992 2399 2043; x_wconf 88' lang='lat' dir='ltr'><strong>est</strong></span> <span class='ocrx_word' id='word_1_56' title='bbox 2444 1979 2624 2044; x_wconf 85' lang='lat' dir='ltr'><strong>testi-</strong></span> 
     </span>
     <span class='ocr_line' id='line_1_14' title="bbox 1132 2073 2626 2161; baseline 0.001 -20"><span class='ocrx_word' id='word_1_57' title='bbox 1132 2077 1368 2142; x_wconf 79' lang='lat' dir='ltr'><strong>moniis</strong></span> <span class='ocrx_word' id='word_1_58' title='bbox 1402 2073 1800 2142; x_wconf 75' lang='lat' dir='ltr'><strong>confirmata.</strong></span> <span class='ocrx_word' id='word_1_59' title='bbox 1858 2079 2208 2142; x_wconf 81' lang='lat' dir='ltr'><strong>Suetonius</strong></span> <span class='ocrx_word' id='word_1_60' title='bbox 2246 2081 2333 2161; x_wconf 77' lang='lat'><strong>·)=</strong></span> <span class='ocrx_word' id='word_1_61' title='bbox 2398 2080 2626 2143; x_wconf 82' lang='lat' dir='ltr'><strong>Susce-</strong></span> 
     </span>
     <span class='ocr_line' id='line_1_15' title="bbox 1126 2175 2626 2263; baseline 0.002 -22"><span class='ocrx_word' id='word_1_62' title='bbox 1126 2185 1237 2263; x_wconf 78' lang='lat' dir='ltr'><strong>pit</strong></span> <span class='ocrx_word' id='word_1_63' title='bbox 1274 2191 1341 2240; x_wconf 81' lang='lat' dir='ltr'><strong>et</strong></span> <span class='ocrx_word' id='word_1_64' title='bbox 1382 2199 1724 2240; x_wconf 73' lang='lat' dir='ltr'><strong>censuram</strong></span> <span class='ocrx_word' id='word_1_65' title='bbox 1743 2222 1770 2254; x_wconf 85' lang='lat'><strong>,</strong></span> <span class='ocrx_word' id='word_1_66' title='bbox 1819 2199 1898 2240; x_wconf 78' lang='lat' dir='ltr'><strong>aa</strong></span> <span class='ocrx_word' id='word_1_67' title='bbox 1930 2200 2054 2260; x_wconf 83' lang='lat' dir='ltr'><strong>per</strong></span> <span class='ocrx_word' id='word_1_68' title='bbox 2097 2175 2312 2242; x_wconf 84' lang='lat' dir='ltr'><strong>&#39;totum</strong></span> <span class='ocrx_word' id='word_1_69' title='bbox 2358 2184 2626 2262; x_wconf 86' lang='lat' dir='ltr'><strong>imperii</strong></span> 
     </span>
     <span class='ocr_line' id='line_1_16' title="bbox 1136 2278 2625 2368; baseline 0.003 -28"><span class='ocrx_word' id='word_1_70' title='bbox 1136 2290 1394 2361; x_wconf 81' lang='lat' dir='ltr'><strong>tempus</strong></span> <span class='ocrx_word' id='word_1_71' title='bbox 1447 2278 1630 2341; x_wconf 70' lang='lat' dir='ltr'><strong>nihil</strong></span> <span class='ocrx_word' id='word_1_72' title='bbox 1679 2280 1924 2368; x_wconf 74' lang='lat' dir='ltr'><strong>habuit</strong></span> <span class='ocrx_word' id='word_1_73' title='bbox 1979 2283 2357 2359; x_wconf 78' lang='lat' dir='ltr'><strong>antiquius,</strong></span> <span class='ocrx_word' id='word_1_74' title='bbox 2427 2302 2625 2361; x_wconf 85' lang='lat' dir='ltr'><strong>quam</strong></span> 
     </span>
     <span class='ocr_line' id='line_1_17' title="bbox 1121 2371 2631 2465; baseline 0.005 -25"><span class='ocrx_word' id='word_1_75' title='bbox 1121 2371 1323 2462; x_wconf 67' lang='lat' dir='ltr'><strong>pro&#39;pe</strong></span> <span class='ocrx_word' id='word_1_76' title='bbox 1362 2378 1694 2465; x_wconf 72' lang='lat' dir='ltr'><strong>afflictam</strong></span> <span class='ocrx_word' id='word_1_77' title='bbox 1709 2423 1727 2456; x_wconf 96' lang='lat'><strong>,</strong></span> <span class='ocrx_word' id='word_1_78' title='bbox 1771 2392 2241 2464; x_wconf 72' lang='lat' dir='ltr'><strong>nutantemque</strong></span> <span class='ocrx_word' id='word_1_79' title='bbox 2280 2384 2631 2463; x_wconf 79' lang='lat' dir='ltr'><strong>rempubli-</strong></span> 
     </span>
     <span class='ocr_line' id='line_1_18' title="bbox 1136 2479 2625 2561; baseline 0.003 -20"><span class='ocrx_word' id='word_1_80' title='bbox 1136 2499 1284 2541; x_wconf 86' lang='lat' dir='ltr'><strong>oam</strong></span> <span class='ocrx_word' id='word_1_81' title='bbox 1331 2479 1636 2542; x_wconf 80' lang='lat' dir='ltr'><strong>stabilire</strong></span> <span class='ocrx_word' id='word_1_82' title='bbox 1659 2484 1923 2561; x_wconf 60' lang='lat' dir='ltr'><strong>&#39;primm</strong></span> <span class='ocrx_word' id='word_1_83' title='bbox 1985 2481 2334 2545; x_wconf 76' lang='lat' dir='ltr'><strong>deinde-et</strong></span> <span class='ocrx_word' id='word_1_84' title='bbox 2373 2502 2625 2546; x_wconf 82' lang='lat' dir='ltr'><strong>ornare.</strong></span> 
     </span>
     <span class='ocr_line' id='line_1_19' title="bbox 1132 2569 2632 2662; baseline 0.005 -21"><span class='ocrx_word' id='word_1_85' title='bbox 1132 2581 1320 2643; x_wconf 84' lang='lat' dir='ltr'><strong>Haec</strong></span> <span class='ocrx_word' id='word_1_86' title='bbox 1351 2599 1522 2662; x_wconf 80' lang='lat' dir='ltr'><strong>vage</strong></span> <span class='ocrx_word' id='word_1_87' title='bbox 1564 2569 2057 2654; x_wconf 57' lang='lat' dir='ltr'><strong>Suetonius3&#39;at</strong></span> <span class='ocrx_word' id='word_1_88' title='bbox 2090 2582 2491 2647; x_wconf 84' lang='lat' dir='ltr'><strong>Censorinus</strong></span> <span class='ocrx_word' id='word_1_89' title='bbox 2523 2607 2632 2648; x_wconf 86' lang='lat' dir='ltr'><strong>an-</strong></span> 
     </span>
     <span class='ocr_line' id='line_1_20' title="bbox 1132 2680 2633 2766; baseline 0.005 -24"><span class='ocrx_word' id='word_1_90' title='bbox 1132 2700 1294 2766; x_wconf 69' lang='lat' dir='ltr'><strong>num·</strong></span> <span class='ocrx_word' id='word_1_91' title='bbox 1320 2682 1531 2764; x_wconf 84' lang='lat' dir='ltr'><strong>ipsum</strong></span> <span class='ocrx_word' id='word_1_92' title='bbox 1566 2682 1868 2746; x_wconf 77' lang='lat' dir='ltr'><strong>enunciat</strong></span> <span class='ocrx_word' id='word_1_93' title='bbox 1907 2680 2006 2765; x_wconf 78' lang='lat' dir='ltr'><strong>b),</strong></span> <span class='ocrx_word' id='word_1_94' title='bbox 2051 2702 2200 2747; x_wconf 88' lang='lat' dir='ltr'><strong>cum</strong></span> <span class='ocrx_word' id='word_1_95' title='bbox 2238 2699 2494 2764; x_wconf 85' lang='lat' dir='ltr'><strong>narrat,</strong></span> <span class='ocrx_word' id='word_1_96' title='bbox 2540 2685 2633 2749; x_wconf 77' lang='lat' dir='ltr'><strong>fa-</strong></span> 
     </span>
     <span class='ocr_line' id='line_1_21' title="bbox 1142 2782 2637 2869; baseline 0.001 -22"><span class='ocrx_word' id='word_1_97' title='bbox 1142 2797 1316 2847; x_wconf 81' lang='lat' dir='ltr'><strong>ctum</strong></span> <span class='ocrx_word' id='word_1_98' title='bbox 1358 2801 1506 2845; x_wconf 84' lang='lat' dir='ltr'><strong>esse</strong></span> <span class='ocrx_word' id='word_1_99' title='bbox 1546 2782 1815 2845; x_wconf 84' lang='lat' dir='ltr'><strong>lustrum</strong></span> <span class='ocrx_word' id='word_1_100' title='bbox 1853 2783 1933 2847; x_wconf 86' lang='lat' dir='ltr'><strong>ab</strong></span> <span class='ocrx_word' id='word_1_101' title='bbox 1966 2784 2364 2869; x_wconf 83' lang='lat' dir='ltr'><strong>imperatore</strong></span> <span class='ocrx_word' id='word_1_102' title='bbox 2388 2787 2637 2869; x_wconf 89' lang='lat' dir='ltr'><strong>Vespa·</strong></span> 
     </span>
     <span class='ocr_line' id='line_1_22' title="bbox 1139 2875 2634 2950; baseline 0.001 -2"><span class='ocrx_word' id='word_1_103' title='bbox 1139 2885 1325 2948; x_wconf 81' lang='lat' dir='ltr'><strong>siano</strong></span> <span class='ocrx_word' id='word_1_104' title='bbox 1355 2885 1441 2950; x_wconf 87' lang='lat' dir='ltr'><strong>V.</strong></span> <span class='ocrx_word' id='word_1_105' title='bbox 1486 2897 1548 2946; x_wconf 86' lang='lat' dir='ltr'><strong>et</strong></span> <span class='ocrx_word' id='word_1_106' title='bbox 1590 2875 1869 2948; x_wconf 70' lang='lat' dir='ltr'><strong>Caesare</strong></span> <span class='ocrx_word' id='word_1_107' title='bbox 1908 2887 2018 2950; x_wconf 74' lang='lat'><strong>111.</strong></span> <span class='ocrx_word' id='word_1_108' title='bbox 2057 2906 2190 2949; x_wconf 88' lang='lat' dir='ltr'><strong>cos.</strong></span> <span class='ocrx_word' id='word_1_109' title='bbox 2251 2886 2486 2950; x_wconf 83' lang='lat' dir='ltr'><strong>Incidit</strong></span> <span class='ocrx_word' id='word_1_110' title='bbox 2526 2888 2634 2950; x_wconf 87' lang='lat' dir='ltr'><strong>hic</strong></span> 
     </span>
     <span class='ocr_line' id='line_1_23' title="bbox 1146 2986 2639 3071; baseline 0.001 -23"><span class='ocrx_word' id='word_1_111' title='bbox 1146 2986 1487 3069; x_wconf 88' lang='lat' dir='ltr'><strong>utriusque</strong></span> <span class='ocrx_word' id='word_1_112' title='bbox 1521 2988 1891 3048; x_wconf 87' lang='lat' dir='ltr'><strong>consulatus</strong></span> <span class='ocrx_word' id='word_1_113' title='bbox 1921 2987 1988 3046; x_wconf 89' lang='lat' dir='ltr'><strong>in</strong></span> <span class='ocrx_word' id='word_1_114' title='bbox 2018 3000 2254 3048; x_wconf 82' lang='lat' dir='ltr'><strong>annum</strong></span> <span class='ocrx_word' id='word_1_115' title='bbox 2287 2987 2370 3055; x_wconf 88' lang='lat' dir='ltr'><strong>V.</strong></span> <span class='ocrx_word' id='word_1_116' title='bbox 2392 2989 2462 3050; x_wconf 90' lang='lat' dir='ltr'><strong>C.</strong></span> <span class='ocrx_word' id='word_1_117' title='bbox 2492 2990 2639 3071; x_wconf 77' lang='lat'><strong>827.</strong></span> 
     </span>
     <span class='ocr_line' id='line_1_24' title="bbox 1146 3086 2643 3169; baseline 0.003 -20"><span class='ocrx_word' id='word_1_118' title='bbox 1146 3087 1398 3149; x_wconf 82' lang='lat' dir='ltr'><strong>Plinius</strong></span> <span class='ocrx_word' id='word_1_119' title='bbox 1457 3086 1626 3150; x_wconf 82' lang='lat' dir='ltr'><strong>binis</strong></span> <span class='ocrx_word' id='word_1_120' title='bbox 1679 3087 1846 3151; x_wconf 88' lang='lat' dir='ltr'><strong>locis</strong></span> <span class='ocrx_word' id='word_1_121' title='bbox 1908 3087 2051 3169; x_wconf 86' lang='lat' dir='ltr'><strong>ejus</strong></span> <span class='ocrx_word' id='word_1_122' title='bbox 2110 3108 2437 3152; x_wconf 62' lang='lat' dir='ltr'><strong>censuraev</strong></span> <span class='ocrx_word' id='word_1_123' title='bbox 2488 3089 2643 3153; x_wconf 79' lang='lat' dir='ltr'><strong>facit</strong></span> 
     </span>
     <span class='ocr_line' id='line_1_25' title="bbox 1145 3186 2644 3272; baseline 0.002 -22"><span class='ocrx_word' id='word_1_124' title='bbox 1145 3189 1588 3263; x_wconf 77' lang='lat' dir='ltr'><strong>mentionem,</strong></span> <span class='ocrx_word' id='word_1_125' title='bbox 1635 3200 1704 3250; x_wconf 89' lang='lat' dir='ltr'><strong>et</strong></span> <span class='ocrx_word' id='word_1_126' title='bbox 1736 3186 2001 3272; x_wconf 84' lang='lat' dir='ltr'><strong>quidem</strong></span> <span class='ocrx_word' id='word_1_127' title='bbox 2033 3208 2165 3250; x_wconf 89' lang='lat' dir='ltr'><strong>uno</strong></span> <span class='ocrx_word' id='word_1_128' title='bbox 2207 3189 2302 3270; x_wconf 58' lang='grc' dir='ltr'><strong>α).</strong></span> <span class='ocrx_word' id='word_1_129' title='bbox 2363 3192 2644 3253; x_wconf 84' lang='lat' dir='ltr'><strong>Moenia</strong></span> 
     </span>
     <span class='ocr_line' id='line_1_26' title="bbox 1146 3290 2646 3374; baseline 0.003 -23"><span class='ocrx_word' id='word_1_130' title='bbox 1146 3290 1286 3368; x_wconf 83' lang='lat' dir='ltr'><strong>ejus</strong></span> <span class='ocrx_word' id='word_1_131' title='bbox 1334 3290 1654 3371; x_wconf 80' lang='lat' dir='ltr'><strong>(Romae)</strong></span> <span class='ocrx_word' id='word_1_132' title='bbox 1698 3290 2021 3371; x_wconf 79' lang='lat' dir='ltr'><strong>collegere</strong></span> <span class='ocrx_word' id='word_1_133' title='bbox 2072 3292 2326 3352; x_wconf 74' lang='lat' dir='ltr'><strong>ambitu</strong></span> <span class='ocrx_word' id='word_1_134' title='bbox 2369 3295 2646 3374; x_wconf 84' lang='lat' dir='ltr'><strong>impera-</strong></span> 
     </span>
     <span class='ocr_line' id='line_1_27' title="bbox 1147 3390 2645 3471; baseline 0.001 -19"><span class='ocrx_word' id='word_1_135' title='bbox 1147 3390 1430 3464; x_wconf 75' lang='lat' dir='ltr'><strong>toribus,</strong></span> <span class='ocrx_word' id='word_1_136' title='bbox 1473 3390 1973 3468; x_wconf 77' lang='lat' dir='ltr'><strong>censoribusque</strong></span> <span class='ocrx_word' id='word_1_137' title='bbox 2005 3394 2441 3471; x_wconf 82' lang='lat' dir='ltr'><strong>Vespasianis</strong></span> <span class='ocrx_word' id='word_1_138' title='bbox 2473 3415 2645 3455; x_wconf 82' lang='lat' dir='ltr'><strong>anno</strong></span> 
     </span>
     <span class='ocr_line' id='line_1_28' title="bbox 1147 3489 2646 3571; baseline 0.003 -19"><span class='ocrx_word' id='word_1_139' title='bbox 1147 3493 1459 3553; x_wconf 80' lang='lat' dir='ltr'><strong>conditae</strong></span> <span class='ocrx_word' id='word_1_140' title='bbox 1513 3489 1641 3553; x_wconf 76' lang='lat'><strong>826</strong></span> <span class='ocrx_word' id='word_1_141' title='bbox 1700 3510 2020 3571; x_wconf 78' lang='lat' dir='ltr'><strong>passuum</strong></span> <span class='ocrx_word' id='word_1_142' title='bbox 2080 3491 2290 3556; x_wconf 84' lang='grc' dir='ltr'><em>ΧῙΙῙ.</em></span> <span class='ocrx_word' id='word_1_143' title='bbox 2351 3494 2454 3555; x_wconf 89' lang='lat' dir='ltr'><strong>M.</strong></span> <span class='ocrx_word' id='word_1_144' title='bbox 2516 3497 2646 3559; x_wconf 86' lang='lat' dir='ltr'><strong>CC.</strong></span> 
     </span>
     <span class='ocr_line' id='line_1_29' title="bbox 1151 3589 2645 3672; baseline 0.002 -18"><span class='ocrx_word' id='word_1_145' title='bbox 1151 3591 1388 3654; x_wconf 80' lang='lat' dir='ltr'><strong>Altero</strong></span> <span class='ocrx_word' id='word_1_146' title='bbox 1427 3589 1526 3671; x_wconf 51' lang='grc' dir='ltr'><strong>(ἦε</strong></span> <span class='ocrx_word' id='word_1_147' title='bbox 1569 3590 1875 3670; x_wconf 75' lang='lat' dir='ltr'><strong>exempla</strong></span> <span class='ocrx_word' id='word_1_148' title='bbox 1915 3593 2354 3654; x_wconf 82' lang='lat' dir='ltr'><strong>recentissimi</strong></span> <span class='ocrx_word' id='word_1_149' title='bbox 2392 3613 2645 3672; x_wconf 84' lang='lat' dir='ltr'><strong>census,</strong></span> 
     </span>
     <span class='ocr_line' id='line_1_30' title="bbox 1145 3692 2647 3774; baseline 0.005 -23"><span class='ocrx_word' id='word_1_150' title='bbox 1145 3711 1340 3770; x_wconf 78' lang='lat' dir='ltr'><strong>quem</strong></span> <span class='ocrx_word' id='word_1_151' title='bbox 1403 3693 1589 3752; x_wconf 78' lang='lat' dir='ltr'><strong>intra</strong></span> <span class='ocrx_word' id='word_1_152' title='bbox 1650 3692 2160 3767; x_wconf 76' lang='lat' dir='ltr'><strong>quadriennium</strong></span> <span class='ocrx_word' id='word_1_153' title='bbox 2216 3694 2647 3774; x_wconf 80' lang='lat' dir='ltr'><strong>imperatores</strong></span> 
     </span>
     <span class='ocr_line' id='line_1_31' title="bbox 1154 3789 2646 3874; baseline 0.004 -21"><span class='ocrx_word' id='word_1_154' title='bbox 1154 3792 1466 3853; x_wconf 79' lang='lat' dir='ltr'><strong>Caesares</strong></span> <span class='ocrx_word' id='word_1_155' title='bbox 1498 3792 1913 3871; x_wconf 79' lang='lat' dir='ltr'><strong>Vespasiani,</strong></span> <span class='ocrx_word' id='word_1_156' title='bbox 1940 3789 2468 3874; x_wconf 71' lang='lat' dir='ltr'><strong>pmerfiliusquo</strong></span> <span class='ocrx_word' id='word_1_157' title='bbox 2501 3818 2646 3860; x_wconf 83' lang='lat' dir='ltr'><strong>cen·</strong></span> 
     </span>
     <span class='ocr_line' id='line_1_32' title="bbox 1151 3890 2642 3982; baseline 0.006 -30"><span class='ocrx_word' id='word_1_158' title='bbox 1151 3909 1332 3952; x_wconf 84' lang='lat' dir='ltr'><strong>sores</strong></span> <span class='ocrx_word' id='word_1_159' title='bbox 1366 3903 1661 3971; x_wconf 82' lang='lat' dir='ltr'><strong>egerunt.</strong></span> <span class='ocrx_word' id='word_1_160' title='bbox 1706 3890 1934 3969; x_wconf 83' lang='lat' dir='ltr'><strong>Numi,</strong></span> <span class='ocrx_word' id='word_1_161' title='bbox 1978 3891 2034 3954; x_wconf 88' lang='lat' dir='ltr'><strong>si</strong></span> <span class='ocrx_word' id='word_1_162' title='bbox 2063 3890 2277 3956; x_wconf 82' lang='lat' dir='ltr'><strong>editos</strong></span> <span class='ocrx_word' id='word_1_163' title='bbox 2312 3896 2642 3982; x_wconf 82' lang='lat' dir='ltr'><strong>catalogos</strong></span> 
     </span>
     <span class='ocr_line' id='line_1_33' title="bbox 1151 3991 2646 4075; baseline 0.005 -21"><span class='ocrx_word' id='word_1_164' title='bbox 1151 4004 1440 4075; x_wconf 86' lang='lat' dir='ltr'><strong>spectes,</strong></span> <span class='ocrx_word' id='word_1_165' title='bbox 1476 3993 1723 4059; x_wconf 82' lang='lat' dir='ltr'><strong>varium</strong></span> <span class='ocrx_word' id='word_1_166' title='bbox 1753 3991 1893 4075; x_wconf 80' lang='lat' dir='ltr'><strong>ejus</strong></span> <span class='ocrx_word' id='word_1_167' title='bbox 1924 4012 2241 4060; x_wconf 81' lang='lat' dir='ltr'><strong>censurae</strong></span> <span class='ocrx_word' id='word_1_168' title='bbox 2273 4016 2423 4062; x_wconf 82' lang='lat' dir='ltr'><strong>cum</strong></span> <span class='ocrx_word' id='word_1_169' title='bbox 2454 4018 2646 4064; x_wconf 81' lang='lat' dir='ltr'><strong>exor-</strong></span> 
     </span>
    </p>
   </div>
   <div class='ocr_carea' id='block_1_5' title="bbox 2235 571 3099 661">
    <p class='ocr_par' dir='ltr' id='par_1_6' title="bbox 2235 571 3099 661">
     <span class='ocr_line' id='line_1_34' title="bbox 2235 571 3099 661; baseline -0.005 -1"><span class='ocrx_word' id='word_1_170' title='bbox 2235 571 3099 661; x_wconf 61' lang='lat' dir='ltr'><strong>VESPASIANVS.</strong></span> 
     </span>
    </p>
   </div>
   <div class='ocr_carea' id='block_1_6' title="bbox 2729 751 4214 1247">
    <p class='ocr_par' dir='ltr' id='par_1_7' title="bbox 2729 751 4214 1247">
     <span class='ocr_line' id='line_1_35' title="bbox 2729 751 4209 834; baseline 0.002 -16"><span class='ocrx_word' id='word_1_171' title='bbox 2729 753 2940 833; x_wconf 83' lang='lat' dir='ltr'><strong>dium,</strong></span> <span class='ocrx_word' id='word_1_172' title='bbox 2977 769 3117 823; x_wconf 82' lang='lat' dir='ltr'><strong>tutu</strong></span> <span class='ocrx_word' id='word_1_173' title='bbox 3149 753 3350 819; x_wconf 85' lang='lat' dir='ltr'><strong>finem</strong></span> <span class='ocrx_word' id='word_1_174' title='bbox 3383 763 3685 817; x_wconf 85' lang='lat' dir='ltr'><strong>statuunt.</strong></span> <span class='ocrx_word' id='word_1_175' title='bbox 3729 751 4209 834; x_wconf 73' lang='lat' dir='ltr'><strong>Mediobarbus,</strong></span> 
     </span>
     <span class='ocr_line' id='line_1_36' title="bbox 2730 854 4207 944; baseline 0.001 -24"><span class='ocrx_word' id='word_1_176' title='bbox 2730 858 2842 944; x_wconf 87' lang='lat' dir='ltr'><strong>qui</strong></span> <span class='ocrx_word' id='word_1_177' title='bbox 2876 878 3224 921; x_wconf 77' lang='lat' dir='ltr'><strong>nemorum</strong></span> <span class='ocrx_word' id='word_1_178' title='bbox 3261 856 3558 920; x_wconf 78' lang='lat' dir='ltr'><strong>ordinem</strong></span> <span class='ocrx_word' id='word_1_179' title='bbox 3594 877 3702 917; x_wconf 87' lang='lat' dir='ltr'><strong>sus</strong></span> <span class='ocrx_word' id='word_1_180' title='bbox 3738 854 3955 942; x_wconf 79' lang='lat' dir='ltr'><strong>deque</strong></span> <span class='ocrx_word' id='word_1_181' title='bbox 3996 860 4207 936; x_wconf 81' lang='lat' dir='ltr'><strong>vertit,</strong></span> 
     </span>
     <span class='ocr_line' id='line_1_37' title="bbox 2730 958 4209 1043; baseline 0.001 -19"><span class='ocrx_word' id='word_1_182' title='bbox 2730 960 2855 1024; x_wconf 86' lang='lat' dir='ltr'><strong>etsi</strong></span> <span class='ocrx_word' id='word_1_183' title='bbox 2885 980 2999 1022; x_wconf 91' lang='lat' dir='ltr'><strong>eos</strong></span> <span class='ocrx_word' id='word_1_184' title='bbox 3030 958 3110 1022; x_wconf 86' lang='lat' dir='ltr'><strong>ad</strong></span> <span class='ocrx_word' id='word_1_185' title='bbox 3141 959 3612 1042; x_wconf 81' lang='lat' dir='ltr'><strong>chronologiae</strong></span> <span class='ocrx_word' id='word_1_186' title='bbox 3642 958 3832 1043; x_wconf 81' lang='lat' dir='ltr'><strong>leges</strong></span> <span class='ocrx_word' id='word_1_187' title='bbox 3858 972 4209 1025; x_wconf 80' lang='lat' dir='ltr'><strong>contexere</strong></span> 
     </span>
     <span class='ocr_line' id='line_1_38' title="bbox 2729 1060 4211 1145; baseline 0.001 -23"><span class='ocrx_word' id='word_1_188' title='bbox 2729 1060 3183 1145; x_wconf 87' lang='lat' dir='ltr'><strong>proposuerit,</strong></span> <span class='ocrx_word' id='word_1_189' title='bbox 3252 1060 3383 1141; x_wconf 85' lang='lat' dir='ltr'><strong>jam</strong></span> <span class='ocrx_word' id='word_1_190' title='bbox 3434 1060 3516 1122; x_wconf 86' lang='lat' dir='ltr'><strong>ad</strong></span> <span class='ocrx_word' id='word_1_191' title='bbox 3566 1081 3799 1122; x_wconf 86' lang='lat' dir='ltr'><strong>annum</strong></span> <span class='ocrx_word' id='word_1_192' title='bbox 3849 1062 3929 1127; x_wconf 98' lang='lat' dir='ltr'><strong>V.</strong></span> <span class='ocrx_word' id='word_1_193' title='bbox 3967 1062 4043 1128; x_wconf 93' lang='lat' dir='ltr'><strong>C.</strong></span> <span class='ocrx_word' id='word_1_194' title='bbox 4094 1064 4211 1126; x_wconf 70' lang='lat'><strong>822</strong></span> 
     </span>
     <span class='ocr_line' id='line_1_39' title="bbox 2734 1160 4214 1247; baseline 0.001 -23"><span class='ocrx_word' id='word_1_195' title='bbox 2734 1162 3027 1225; x_wconf 78' lang='lat' dir='ltr'><strong>obtrudit</strong></span> <span class='ocrx_word' id='word_1_196' title='bbox 3071 1181 3339 1238; x_wconf 81' lang='lat' dir='ltr'><strong>numos,</strong></span> <span class='ocrx_word' id='word_1_197' title='bbox 3394 1162 3461 1224; x_wconf 90' lang='lat' dir='ltr'><strong>in</strong></span> <span class='ocrx_word' id='word_1_198' title='bbox 3507 1160 3742 1247; x_wconf 69' lang='lat' dir='ltr'><strong>quibus</strong></span> <span class='ocrx_word' id='word_1_199' title='bbox 3785 1162 4214 1246; x_wconf 80' lang='lat' dir='ltr'><strong>Vespasianus</strong></span> 
     </span>
    </p>
   </div>
   <div class='ocr_carea' id='block_1_7' title="bbox 2716 1259 4217 1330">
    <p class='ocr_par' dir='ltr' id='par_1_8' title="bbox 2716 1259 4217 1330">
     <span class='ocr_line' id='line_1_40' title="bbox 2716 1259 4217 1330; baseline 0.003 -4"><span class='ocrx_word' id='word_1_200' title='bbox 2716 1259 3087 1329; x_wconf 81' lang='lat' dir='ltr'><strong>&#39;CENSOR</strong></span> <span class='ocrx_word' id='word_1_201' title='bbox 3130 1263 3533 1328; x_wconf 82' lang='lat' dir='ltr'><strong>inscribitur.</strong></span> <span class='ocrx_word' id='word_1_202' title='bbox 3595 1264 3919 1327; x_wconf 84' lang='lat' dir='ltr'><strong>Nimirum</strong></span> <span class='ocrx_word' id='word_1_203' title='bbox 3966 1266 4085 1329; x_wconf 79' lang='lat' dir='ltr'><strong>me</strong></span> <span class='ocrx_word' id='word_1_204' title='bbox 4138 1286 4217 1330; x_wconf 82' lang='lat' dir='ltr'><strong>eo</strong></span> 
     </span>
    </p>
   </div>
   <div class='ocr_carea' id='block_1_8' title="bbox 2733 1364 4236 2664">
    <p class='ocr_par' dir='ltr' id='par_1_9' title="bbox 2733 1364 4236 2664">
     <span class='ocr_line' id='line_1_41' title="bbox 2734 1364 4225 1450; baseline 0.001 -21"><span class='ocrx_word' id='word_1_205' title='bbox 2734 1388 2902 1430; x_wconf 88' lang='lat' dir='ltr'><strong>anno</strong></span> <span class='ocrx_word' id='word_1_206' title='bbox 2923 1412 2941 1445; x_wconf 97' lang='lat'><strong>,</strong></span> <span class='ocrx_word' id='word_1_207' title='bbox 2982 1386 3113 1449; x_wconf 87' lang='lat' dir='ltr'><strong>quo</strong></span> <span class='ocrx_word' id='word_1_208' title='bbox 3147 1367 3357 1428; x_wconf 83' lang='lat' dir='ltr'><strong>Roma</strong></span> <span class='ocrx_word' id='word_1_209' title='bbox 3390 1364 3624 1442; x_wconf 82' lang='lat' dir='ltr'><strong>abfuit,</strong></span> <span class='ocrx_word' id='word_1_210' title='bbox 3672 1379 3741 1429; x_wconf 89' lang='lat' dir='ltr'><strong>et</strong></span> <span class='ocrx_word' id='word_1_211' title='bbox 3772 1386 3905 1450; x_wconf 87' lang='lat' dir='ltr'><strong>quo</strong></span> <span class='ocrx_word' id='word_1_212' title='bbox 3938 1365 4225 1431; x_wconf 82' lang='lat' dir='ltr'><strong>incertae</strong></span> 
     </span>
     <span class='ocr_line' id='line_1_42' title="bbox 2733 1466 4222 1556; baseline 0 -24"><span class='ocrx_word' id='word_1_213' title='bbox 2733 1468 2946 1532; x_wconf 78' lang='lat' dir='ltr'><strong>adhuc</strong></span> <span class='ocrx_word' id='word_1_214' title='bbox 2985 1468 3125 1550; x_wconf 88' lang='lat' dir='ltr'><strong>ejus</strong></span> <span class='ocrx_word' id='word_1_215' title='bbox 3159 1466 3352 1529; x_wconf 82' lang='lat' dir='ltr'><strong>fuere</strong></span> <span class='ocrx_word' id='word_1_216' title='bbox 3384 1486 3528 1541; x_wconf 88' lang='lat' dir='ltr'><strong>res,</strong></span> <span class='ocrx_word' id='word_1_217' title='bbox 3566 1486 3836 1530; x_wconf 86' lang='lat' dir='ltr'><strong>censum</strong></span> <span class='ocrx_word' id='word_1_218' title='bbox 3867 1487 4071 1550; x_wconf 88' lang='lat' dir='ltr'><strong>agere</strong></span> <span class='ocrx_word' id='word_1_219' title='bbox 4098 1470 4222 1556; x_wconf 77' lang='lat' dir='ltr'><strong>Ro·</strong></span> 
     </span>
     <span class='ocr_line' id='line_1_43' title="bbox 2736 1567 4225 1654; baseline -0.001 -21"><span class='ocrx_word' id='word_1_220' title='bbox 2736 1590 2881 1633; x_wconf 84' lang='lat' dir='ltr'><strong>mae</strong></span> <span class='ocrx_word' id='word_1_221' title='bbox 2922 1567 3169 1651; x_wconf 75' lang='lat' dir='ltr'><strong>potuit!</strong></span> <span class='ocrx_word' id='word_1_222' title='bbox 3220 1568 3353 1635; x_wconf 87' lang='lat' dir='ltr'><strong>Vel</strong></span> <span class='ocrx_word' id='word_1_223' title='bbox 3390 1568 3652 1631; x_wconf 82' lang='lat' dir='ltr'><strong>unicum</strong></span> <span class='ocrx_word' id='word_1_224' title='bbox 3686 1568 3817 1631; x_wconf 81' lang='lat' dir='ltr'><strong>hoc</strong></span> <span class='ocrx_word' id='word_1_225' title='bbox 3853 1570 4225 1654; x_wconf 84' lang='lat' dir='ltr'><strong>exemplum</strong></span> 
     </span>
     <span class='ocr_line' id='line_1_44' title="bbox 2737 1655 4229 1760; baseline 0 -25"><span class='ocrx_word' id='word_1_226' title='bbox 2737 1671 3133 1735; x_wconf 79' lang='lat' dir='ltr'><strong>documento</strong></span> <span class='ocrx_word' id='word_1_227' title='bbox 3185 1679 3361 1743; x_wconf 86' lang='lat' dir='ltr'><strong>esto,</strong></span> <span class='ocrx_word' id='word_1_228' title='bbox 3420 1689 3612 1752; x_wconf 87' lang='lat' dir='ltr'><strong>quam</strong></span> <span class='ocrx_word' id='word_1_229' title='bbox 3662 1681 3913 1733; x_wconf 83' lang='lat' dir='ltr'><strong>temere</strong></span> <span class='ocrx_word' id='word_1_230' title='bbox 3959 1670 4017 1733; x_wconf 87' lang='lat' dir='ltr'><strong>is</strong></span> <span class='ocrx_word' id='word_1_231' title='bbox 4069 1655 4229 1760; x_wconf 69' lang='lat' dir='ltr'><strong>cata·</strong></span> 
     </span>
     <span class='ocr_line' id='line_1_45' title="bbox 2735 1768 4227 1856; baseline -0.001 -20"><span class='ocrx_word' id='word_1_232' title='bbox 2735 1773 2964 1856; x_wconf 87' lang='lat' dir='ltr'><strong>logus,</strong></span> <span class='ocrx_word' id='word_1_233' title='bbox 3022 1784 3091 1835; x_wconf 89' lang='lat' dir='ltr'><strong>et</strong></span> <span class='ocrx_word' id='word_1_234' title='bbox 3146 1790 3359 1853; x_wconf 52' lang='lat' dir='ltr'><strong>quam,</strong></span> <span class='ocrx_word' id='word_1_235' title='bbox 3393 1770 3575 1832; x_wconf 88' lang='lat' dir='ltr'><strong>nulla</strong></span> <span class='ocrx_word' id='word_1_236' title='bbox 3630 1770 3821 1846; x_wconf 86' lang='lat' dir='ltr'><strong>crisi,</strong></span> <span class='ocrx_word' id='word_1_237' title='bbox 3886 1768 4069 1853; x_wconf 79' lang='lat' dir='ltr'><strong>quod</strong></span> <span class='ocrx_word' id='word_1_238' title='bbox 4121 1774 4227 1837; x_wconf 77' lang='lat' dir='ltr'><strong>vel</strong></span> 
     </span>
     <span class='ocr_line' id='line_1_46' title="bbox 2736 1863 4225 1957; baseline 0 -22"><span class='ocrx_word' id='word_1_239' title='bbox 2736 1863 2915 1957; x_wconf 81' lang='lat' dir='ltr'><strong>ipsos</strong></span> <span class='ocrx_word' id='word_1_240' title='bbox 2971 1871 3220 1936; x_wconf 87' lang='lat' dir='ltr'><strong>tirones</strong></span> <span class='ocrx_word' id='word_1_241' title='bbox 3282 1891 3435 1934; x_wconf 83' lang='lat' dir='ltr'><strong>mox</strong></span> <span class='ocrx_word' id='word_1_242' title='bbox 3493 1869 3828 1947; x_wconf 81' lang='lat' dir='ltr'><strong>advertat,</strong></span> <span class='ocrx_word' id='word_1_243' title='bbox 3904 1872 4225 1936; x_wconf 87' lang='lat' dir='ltr'><strong>consarci-</strong></span> 
     </span>
     <span class='ocr_line' id='line_1_47' title="bbox 2736 1971 4232 2038; baseline -0.001 -1"><span class='ocrx_word' id='word_1_244' title='bbox 2736 1989 2927 2038; x_wconf 83' lang='lat' dir='ltr'><strong>natus</strong></span> <span class='ocrx_word' id='word_1_245' title='bbox 2977 1974 3079 2035; x_wconf 89' lang='lat' dir='ltr'><strong>sit.</strong></span> <span class='ocrx_word' id='word_1_246' title='bbox 3146 1975 3343 2036; x_wconf 86' lang='lat' dir='ltr'><strong>Numi</strong></span> <span class='ocrx_word' id='word_1_247' title='bbox 3392 1986 3616 2038; x_wconf 83' lang='lat' dir='ltr'><strong>certae</strong></span> <span class='ocrx_word' id='word_1_248' title='bbox 3665 1971 3826 2035; x_wconf 80' lang='lat' dir='ltr'><strong>fidei</strong></span> <span class='ocrx_word' id='word_1_249' title='bbox 3870 1986 4125 2037; x_wconf 81' lang='lat' dir='ltr'><strong>tantum</strong></span> <span class='ocrx_word' id='word_1_250' title='bbox 4168 1973 4232 2035; x_wconf 88' lang='lat' dir='ltr'><strong>in</strong></span> 
     </span>
     <span class='ocr_line' id='line_1_48' title="bbox 2739 2074 4230 2158; baseline -0.003 -18"><span class='ocrx_word' id='word_1_251' title='bbox 2739 2074 3181 2140; x_wconf 75' lang='lat' dir='ltr'><strong>consulatibus</strong></span> <span class='ocrx_word' id='word_1_252' title='bbox 3218 2076 3328 2139; x_wconf 88' lang='lat' dir='ltr'><strong>IV.</strong></span> <span class='ocrx_word' id='word_1_253' title='bbox 3368 2087 3435 2136; x_wconf 87' lang='lat' dir='ltr'><strong>et</strong></span> <span class='ocrx_word' id='word_1_254' title='bbox 3472 2075 3588 2149; x_wconf 54' lang='grc' dir='ltr'><strong>ἶ,</strong></span> <span class='ocrx_word' id='word_1_255' title='bbox 3642 2074 3761 2156; x_wconf 74' lang='lat' dir='ltr'><strong>qai</strong></span> <span class='ocrx_word' id='word_1_256' title='bbox 3791 2076 4230 2158; x_wconf 83' lang='lat' dir='ltr'><strong>complectun-</strong></span> 
     </span>
     <span class='ocr_line' id='line_1_49' title="bbox 2737 2175 4232 2263; baseline 0 -24"><span class='ocrx_word' id='word_1_257' title='bbox 2737 2190 2846 2239; x_wconf 83' lang='lat' dir='ltr'><strong>tur</strong></span> <span class='ocrx_word' id='word_1_258' title='bbox 2896 2196 3099 2239; x_wconf 78' lang='lat' dir='ltr'><strong>annos</strong></span> <span class='ocrx_word' id='word_1_259' title='bbox 3154 2177 3234 2242; x_wconf 87' lang='lat' dir='ltr'><strong>V.</strong></span> <span class='ocrx_word' id='word_1_260' title='bbox 3283 2176 3354 2237; x_wconf 92' lang='lat' dir='ltr'><strong>C.</strong></span> <span class='ocrx_word' id='word_1_261' title='bbox 3404 2176 3549 2240; x_wconf 70' lang='lat'><strong>825.</strong></span> <span class='ocrx_word' id='word_1_262' title='bbox 3595 2175 3742 2241; x_wconf 76' lang='lat'><strong>826.</strong></span> <span class='ocrx_word' id='word_1_263' title='bbox 3785 2178 3945 2258; x_wconf 73' lang='lat'><strong>827,</strong></span> <span class='ocrx_word' id='word_1_264' title='bbox 4012 2196 4232 2263; x_wconf 80' lang='lat' dir='ltr'><strong>censo·</strong></span> 
     </span>
     <span class='ocr_line' id='line_1_50' title="bbox 2737 2273 4234 2359; baseline 0.002 -19"><span class='ocrx_word' id='word_1_265' title='bbox 2737 2277 2831 2340; x_wconf 87' lang='lat' dir='ltr'><strong>ris</strong></span> <span class='ocrx_word' id='word_1_266' title='bbox 2870 2276 3128 2340; x_wconf 87' lang='lat' dir='ltr'><strong>titulum</strong></span> <span class='ocrx_word' id='word_1_267' title='bbox 3161 2273 3440 2352; x_wconf 73' lang='lat' dir='ltr'><strong>addunt,</strong></span> <span class='ocrx_word' id='word_1_268' title='bbox 3493 2286 3687 2359; x_wconf 80' lang='lat' dir='ltr'><strong>atque</strong></span> <span class='ocrx_word' id='word_1_269' title='bbox 3725 2276 4003 2342; x_wconf 82' lang='lat' dir='ltr'><strong>eandem</strong></span> <span class='ocrx_word' id='word_1_270' title='bbox 4040 2278 4234 2343; x_wconf 82' lang='lat' dir='ltr'><strong>etiam</strong></span> 
     </span>
     <span class='ocr_line' id='line_1_51' title="bbox 2740 2378 4233 2465; baseline -0.002 -23"><span class='ocrx_word' id='word_1_271' title='bbox 2740 2379 3007 2442; x_wconf 90' lang='lat' dir='ltr'><strong>omnino</strong></span> <span class='ocrx_word' id='word_1_272' title='bbox 3040 2378 3262 2462; x_wconf 87' lang='lat' dir='ltr'><strong>legem</strong></span> <span class='ocrx_word' id='word_1_273' title='bbox 3301 2390 3663 2460; x_wconf 88' lang='lat' dir='ltr'><strong>sequuntur</strong></span> <span class='ocrx_word' id='word_1_274' title='bbox 3695 2378 3880 2440; x_wconf 87' lang='lat' dir='ltr'><strong>numi</strong></span> <span class='ocrx_word' id='word_1_275' title='bbox 3913 2378 4081 2457; x_wconf 84' lang='lat' dir='ltr'><strong>Titi,</strong></span> <span class='ocrx_word' id='word_1_276' title='bbox 4128 2378 4233 2465; x_wconf 84' lang='lat' dir='ltr'><strong>qni</strong></span> 
     </span>
     <span class='ocr_line' id='line_1_52' title="bbox 2739 2477 4233 2568; baseline -0.001 -24"><span class='ocrx_word' id='word_1_277' title='bbox 2739 2480 2943 2565; x_wconf 86' lang='lat' dir='ltr'><strong>patris</strong></span> <span class='ocrx_word' id='word_1_278' title='bbox 2983 2477 3108 2540; x_wconf 82' lang='lat' dir='ltr'><strong>fuit</strong></span> <span class='ocrx_word' id='word_1_279' title='bbox 3153 2477 3220 2539; x_wconf 90' lang='lat' dir='ltr'><strong>in</strong></span> <span class='ocrx_word' id='word_1_280' title='bbox 3267 2479 3904 2568; x_wconf 22' lang='lat' dir='ltr'><strong>censuraoconlcga,</strong></span> <span class='ocrx_word' id='word_1_281' title='bbox 3959 2479 4090 2543; x_wconf 88' lang='lat' dir='ltr'><strong>etsi</strong></span> <span class='ocrx_word' id='word_1_282' title='bbox 4132 2479 4233 2543; x_wconf 84' lang='lat' dir='ltr'><strong>hic</strong></span> 
     </span>
     <span class='ocr_line' id='line_1_53' title="bbox 2742 2577 4236 2664; baseline -0.001 -19"><span class='ocrx_word' id='word_1_283' title='bbox 2742 2601 2828 2645; x_wconf 91' lang='lat' dir='ltr'><strong>eo</strong></span> <span class='ocrx_word' id='word_1_284' title='bbox 2877 2577 3173 2660; x_wconf 74' lang='lat' dir='ltr'><strong>differat,</strong></span> <span class='ocrx_word' id='word_1_285' title='bbox 3234 2579 3412 2664; x_wconf 81' lang='lat' dir='ltr'><strong>quod</strong></span> <span class='ocrx_word' id='word_1_286' title='bbox 3454 2581 3748 2644; x_wconf 84' lang='lat' dir='ltr'><strong>censoris</strong></span> <span class='ocrx_word' id='word_1_287' title='bbox 3795 2581 4064 2643; x_wconf 85' lang='lat' dir='ltr'><strong>titulum</strong></span> <span class='ocrx_word' id='word_1_288' title='bbox 4109 2601 4236 2644; x_wconf 87' lang='lat' dir='ltr'><strong>sus-</strong></span> 
     </span>
    </p>
   </div>
   <div class='ocr_carea' id='block_1_9' title="bbox 2734 2680 4291 2767">
    <p class='ocr_par' dir='ltr' id='par_1_10' title="bbox 2734 2680 4291 2767">
     <span class='ocr_line' id='line_1_54' title="bbox 2734 2680 4291 2767; baseline -0.003 -20"><span class='ocrx_word' id='word_1_289' title='bbox 2734 2680 2968 2763; x_wconf 62' lang='lat' dir='ltr'><strong>eitavit</strong></span> <span class='ocrx_word' id='word_1_290' title='bbox 3010 2680 3081 2742; x_wconf 86' lang='lat' dir='ltr'><strong>in</strong></span> <span class='ocrx_word' id='word_1_291' title='bbox 3129 2682 3470 2744; x_wconf 86' lang='lat' dir='ltr'><strong>consulatu</strong></span> <span class='ocrx_word' id='word_1_292' title='bbox 3512 2682 3627 2748; x_wconf 85' lang='lat' dir='ltr'><strong>Vl.</strong></span> <span class='ocrx_word' id='word_1_293' title='bbox 3701 2683 3887 2765; x_wconf 87' lang='lat' dir='ltr'><strong>Ergo</strong></span> <span class='ocrx_word' id='word_1_294' title='bbox 3936 2681 4121 2767; x_wconf 79' lang='lat' dir='ltr'><strong>quod</strong></span> <span class='ocrx_word' id='word_1_295' title='bbox 4164 2682 4238 2745; x_wconf 67' lang='lat' dir='ltr'><strong>acl</strong></span> <span class='ocrx_word' id='word_1_296' title='bbox 4282 2700 4291 2706; x_wconf 92' lang='lat'><em>·</em></span> 
     </span>
    </p>
   </div>
   <div class='ocr_carea' id='block_1_10' title="bbox 2748 2781 4256 4067">
    <p class='ocr_par' dir='ltr' id='par_1_11' title="bbox 2748 2781 4256 4067">
     <span class='ocr_line' id='line_1_55' title="bbox 2749 2781 4245 2867; baseline 0 -19"><span class='ocrx_word' id='word_1_297' title='bbox 2749 2801 3068 2848; x_wconf 86' lang='lat' dir='ltr'><strong>censurae</strong></span> <span class='ocrx_word' id='word_1_298' title='bbox 3120 2782 3365 2846; x_wconf 85' lang='lat' dir='ltr'><strong>exitum</strong></span> <span class='ocrx_word' id='word_1_299' title='bbox 3415 2781 3680 2860; x_wconf 83' lang='lat' dir='ltr'><strong>attinet,</strong></span> <span class='ocrx_word' id='word_1_300' title='bbox 3740 2783 3953 2867; x_wconf 82' lang='lat' dir='ltr'><strong>probe</strong></span> <span class='ocrx_word' id='word_1_301' title='bbox 4014 2803 4245 2851; x_wconf 79' lang='lat' dir='ltr'><strong>conve·</strong></span> 
     </span>
     <span class='ocr_line' id='line_1_56' title="bbox 2748 2883 4245 2968; baseline 0 -21"><span class='ocrx_word' id='word_1_302' title='bbox 2748 2886 2846 2947; x_wconf 84' lang='lat' dir='ltr'><strong>nit</strong></span> <span class='ocrx_word' id='word_1_303' title='bbox 2882 2884 3248 2947; x_wconf 90' lang='lat' dir='ltr'><strong>Censorino</strong></span> <span class='ocrx_word' id='word_1_304' title='bbox 3283 2904 3431 2947; x_wconf 88' lang='lat' dir='ltr'><strong>cum</strong></span> <span class='ocrx_word' id='word_1_305' title='bbox 3468 2883 3716 2961; x_wconf 89' lang='lat' dir='ltr'><strong>numis,</strong></span> <span class='ocrx_word' id='word_1_306' title='bbox 3754 2885 3868 2967; x_wconf 88' lang='lat' dir='ltr'><strong>qui</strong></span> <span class='ocrx_word' id='word_1_307' title='bbox 3899 2886 3981 2954; x_wconf 91' lang='lat' dir='ltr'><strong>V.</strong></span> <span class='ocrx_word' id='word_1_308' title='bbox 4017 2888 4094 2950; x_wconf 91' lang='lat' dir='ltr'><strong>C.</strong></span> <span class='ocrx_word' id='word_1_309' title='bbox 4130 2885 4245 2968; x_wconf 77' lang='lat'><strong>827</strong></span> 
     </span>
     <span class='ocr_line' id='line_1_57' title="bbox 2755 2985 4251 3069; baseline -0.001 -19"><span class='ocrx_word' id='word_1_310' title='bbox 2755 2985 3089 3050; x_wconf 80' lang='lat' dir='ltr'><strong>conditum</strong></span> <span class='ocrx_word' id='word_1_311' title='bbox 3122 2987 3193 3050; x_wconf 80' lang='lat' dir='ltr'><strong>&#39;a</strong></span> <span class='ocrx_word' id='word_1_312' title='bbox 3251 2986 3656 3069; x_wconf 82' lang='lat' dir='ltr'><strong>Vespasiano</strong></span> <span class='ocrx_word' id='word_1_313' title='bbox 3726 2985 4007 3049; x_wconf 87' lang='lat' dir='ltr'><strong>lustrum</strong></span> <span class='ocrx_word' id='word_1_314' title='bbox 4079 2985 4251 3050; x_wconf 81' lang='lat' dir='ltr'><strong>adse·</strong></span> 
     </span>
     <span class='ocr_line' id='line_1_58' title="bbox 2755 3084 4251 3171; baseline 0 -22"><span class='ocrx_word' id='word_1_315' title='bbox 2755 3088 2863 3152; x_wconf 87' lang='lat' dir='ltr'><strong>rit.</strong></span> <span class='ocrx_word' id='word_1_316' title='bbox 2925 3088 3013 3150; x_wconf 81' lang='lat' dir='ltr'><strong>At</strong></span> <span class='ocrx_word' id='word_1_317' title='bbox 3062 3108 3212 3153; x_wconf 84' lang='lat' dir='ltr'><strong>cum</strong></span> <span class='ocrx_word' id='word_1_318' title='bbox 3258 3086 3513 3150; x_wconf 88' lang='lat' dir='ltr'><strong>Plinius</strong></span> <span class='ocrx_word' id='word_1_319' title='bbox 3560 3084 4064 3171; x_wconf 77' lang='lat' dir='ltr'><strong>quadriennium</strong></span> <span class='ocrx_word' id='word_1_320' title='bbox 4107 3086 4251 3151; x_wconf 83' lang='lat' dir='ltr'><strong>huic</strong></span> 
     </span>
     <span class='ocr_line' id='line_1_59' title="bbox 2757 3186 4248 3272; baseline -0.001 -21"><span class='ocrx_word' id='word_1_321' title='bbox 2757 3207 3077 3252; x_wconf 85' lang='lat' dir='ltr'><strong>censurae</strong></span> <span class='ocrx_word' id='word_1_322' title='bbox 3143 3190 3526 3267; x_wconf 87' lang='lat' dir='ltr'><strong>constituat,</strong></span> <span class='ocrx_word' id='word_1_323' title='bbox 3601 3188 4023 3272; x_wconf 79' lang='lat' dir='ltr'><strong>intelligendi</strong></span> <span class='ocrx_word' id='word_1_324' title='bbox 4084 3186 4248 3252; x_wconf 80' lang='lat' dir='ltr'><strong>haud</strong></span> 
     </span>
     <span class='ocr_line' id='line_1_60' title="bbox 2761 3288 4250 3372; baseline 0.002 -22"><span class='ocrx_word' id='word_1_325' title='bbox 2761 3289 2957 3353; x_wconf 80' lang='lat' dir='ltr'><strong>dubie</strong></span> <span class='ocrx_word' id='word_1_326' title='bbox 3016 3302 3163 3352; x_wconf 84' lang='lat' dir='ltr'><strong>sunt</strong></span> <span class='ocrx_word' id='word_1_327' title='bbox 3217 3291 3369 3353; x_wconf 77' lang='lat' dir='ltr'><strong>anni</strong></span> <span class='ocrx_word' id='word_1_328' title='bbox 3421 3288 3844 3372; x_wconf 80' lang='lat' dir='ltr'><strong>incompleti,</strong></span> <span class='ocrx_word' id='word_1_329' title='bbox 3901 3303 3970 3355; x_wconf 90' lang='lat' dir='ltr'><strong>et</strong></span> <span class='ocrx_word' id='word_1_330' title='bbox 4025 3292 4250 3357; x_wconf 71' lang='lat' dir='ltr'><strong>reveri</strong></span> 
     </span>
     <span class='ocr_line' id='line_1_61' title="bbox 2761 3390 4254 3476; baseline -0.001 -21"><span class='ocrx_word' id='word_1_331' title='bbox 2761 3391 3059 3476; x_wconf 80' lang='lat' dir='ltr'><strong>eoeperit</strong></span> <span class='ocrx_word' id='word_1_332' title='bbox 3088 3391 3171 3459; x_wconf 88' lang='lat' dir='ltr'><strong>V.</strong></span> <span class='ocrx_word' id='word_1_333' title='bbox 3205 3390 3278 3452; x_wconf 86' lang='lat' dir='ltr'><strong>C.</strong></span> <span class='ocrx_word' id='word_1_334' title='bbox 3319 3393 3474 3466; x_wconf 72' lang='lat'><strong>824,</strong></span> <span class='ocrx_word' id='word_1_335' title='bbox 3514 3404 3579 3454; x_wconf 86' lang='lat' dir='ltr'><strong>at</strong></span> <span class='ocrx_word' id='word_1_336' title='bbox 3618 3406 3933 3474; x_wconf 82' lang='lat' dir='ltr'><strong>sequente</strong></span> <span class='ocrx_word' id='word_1_337' title='bbox 3975 3392 4254 3476; x_wconf 83' lang='lat' dir='ltr'><strong>primum</strong></span> 
     </span>
     <span class='ocr_line' id='line_1_62' title="bbox 2762 3491 4253 3558; baseline -0.001 -1"><span class='ocrx_word' id='word_1_338' title='bbox 2762 3514 2936 3557; x_wconf 85' lang='lat' dir='ltr'><strong>anno</strong></span> <span class='ocrx_word' id='word_1_339' title='bbox 2981 3493 3039 3555; x_wconf 89' lang='lat' dir='ltr'><strong>is</strong></span> <span class='ocrx_word' id='word_1_340' title='bbox 3079 3492 3309 3556; x_wconf 79' lang='lat' dir='ltr'><strong>titulus</strong></span> <span class='ocrx_word' id='word_1_341' title='bbox 3356 3491 3558 3556; x_wconf 86' lang='lat' dir='ltr'><strong>fuerit</strong></span> <span class='ocrx_word' id='word_1_342' title='bbox 3597 3508 3903 3557; x_wconf 85' lang='lat' dir='ltr'><strong>monetae</strong></span> <span class='ocrx_word' id='word_1_343' title='bbox 3951 3493 4253 3558; x_wconf 86' lang='lat' dir='ltr'><strong>insertus.</strong></span> 
     </span>
     <span class='ocr_line' id='line_1_63' title="bbox 2759 3592 4256 3676; baseline 0 -20"><span class='ocrx_word' id='word_1_344' title='bbox 2759 3597 3089 3658; x_wconf 77' lang='lat' dir='ltr'><strong>Marmora</strong></span> <span class='ocrx_word' id='word_1_345' title='bbox 3134 3592 3604 3676; x_wconf 83' lang='lat' dir='ltr'><strong>Vespasianum</strong></span> <span class='ocrx_word' id='word_1_346' title='bbox 3656 3595 3871 3658; x_wconf 80' lang='lat' dir='ltr'><strong>adhuc</strong></span> <span class='ocrx_word' id='word_1_347' title='bbox 3918 3594 3987 3655; x_wconf 89' lang='lat' dir='ltr'><strong>in</strong></span> <span class='ocrx_word' id='word_1_348' title='bbox 4032 3614 4256 3659; x_wconf 82' lang='lat' dir='ltr'><strong>censu·</strong></span> 
     </span>
     <span class='ocr_line' id='line_1_64' title="bbox 2760 3695 4249 3782; baseline 0.001 -24"><span class='ocrx_word' id='word_1_349' title='bbox 2760 3695 2996 3760; x_wconf 72' lang='lat' dir='ltr'><strong>latibus</strong></span> <span class='ocrx_word' id='word_1_350' title='bbox 3030 3697 3205 3764; x_wconf 82' lang='lat' dir='ltr'><strong>vm.</strong></span> <span class='ocrx_word' id='word_1_351' title='bbox 3243 3708 3311 3757; x_wconf 90' lang='lat' dir='ltr'><strong>et</strong></span> <span class='ocrx_word' id='word_1_352' title='bbox 3342 3695 3453 3760; x_wconf 82' lang='lat' dir='ltr'><strong>IX.</strong></span> <span class='ocrx_word' id='word_1_353' title='bbox 3502 3716 3848 3759; x_wconf 88' lang='lat' dir='ltr'><strong>censorem</strong></span> <span class='ocrx_word' id='word_1_354' title='bbox 3897 3695 4249 3782; x_wconf 83' lang='lat' dir='ltr'><strong>appellant,</strong></span> 
     </span>
     <span class='ocr_line' id='line_1_65' title="bbox 2759 3794 4249 3877; baseline -0.001 -17"><span class='ocrx_word' id='word_1_355' title='bbox 2759 3797 2878 3861; x_wconf 76' lang='lat' dir='ltr'><strong>sed</strong></span> <span class='ocrx_word' id='word_1_356' title='bbox 2927 3795 3101 3860; x_wconf 81' lang='lat' dir='ltr'><strong>istud</strong></span> <span class='ocrx_word' id='word_1_357' title='bbox 3145 3794 3418 3859; x_wconf 86' lang='lat' dir='ltr'><strong>honoris</strong></span> <span class='ocrx_word' id='word_1_358' title='bbox 3463 3808 3710 3860; x_wconf 88' lang='lat' dir='ltr'><strong>tantum</strong></span> <span class='ocrx_word' id='word_1_359' title='bbox 3754 3819 3979 3877; x_wconf 85' lang='lat' dir='ltr'><strong>causa,</strong></span> <span class='ocrx_word' id='word_1_360' title='bbox 4051 3810 4129 3861; x_wconf 84' lang='lat' dir='ltr'><strong>ut</strong></span> <span class='ocrx_word' id='word_1_361' title='bbox 4177 3797 4249 3874; x_wconf 68' lang='lat'><strong>10,</strong></span> 
     </span>
     <span class='ocr_line' id='line_1_66' title="bbox 2758 3897 4246 3984; baseline 0.003 -24"><span class='ocrx_word' id='word_1_362' title='bbox 2758 3898 3064 3968; x_wconf 82' lang='lat' dir='ltr'><strong>Vitellius</strong></span> <span class='ocrx_word' id='word_1_363' title='bbox 3117 3898 3313 3962; x_wconf 87' lang='lat' dir='ltr'><strong>etiam</strong></span> <span class='ocrx_word' id='word_1_364' title='bbox 3369 3897 3439 3959; x_wconf 91' lang='lat' dir='ltr'><strong>in</strong></span> <span class='ocrx_word' id='word_1_365' title='bbox 3491 3900 3709 3965; x_wconf 84' lang='lat' dir='ltr'><strong>numis</strong></span> <span class='ocrx_word' id='word_1_366' title='bbox 3761 3914 3913 3984; x_wconf 77' lang='lat' dir='ltr'><strong>post</strong></span> <span class='ocrx_word' id='word_1_367' title='bbox 3965 3912 4246 3967; x_wconf 76' lang='lat' dir='ltr'><strong>mertem</strong></span> 
     </span>
     <span class='ocr_line' id='line_1_67' title="bbox 2756 3998 3507 4067; baseline -0.001 0"><span class='ocrx_word' id='word_1_368' title='bbox 2756 4001 2931 4067; x_wconf 87' lang='lat' dir='ltr'><strong>cusis</strong></span> <span class='ocrx_word' id='word_1_369' title='bbox 2965 4019 3206 4066; x_wconf 80' lang='lat' dir='ltr'><strong>censer</strong></span> <span class='ocrx_word' id='word_1_370' title='bbox 3243 3998 3507 4066; x_wconf 82' lang='lat' dir='ltr'><strong>dicitur.</strong></span> 
     </span>
    </p>
   </div>
   <div class='ocr_carea' id='block_1_11' title="bbox 2431 4316 2968 4381">
    <p class='ocr_par' dir='ltr' id='par_1_12' title="bbox 2431 4316 2968 4381">
     <span class='ocr_line' id='line_1_68' title="bbox 2431 4316 2968 4381; baseline 0.006 -2"><span class='ocrx_word' id='word_1_371' title='bbox 2431 4316 2968 4381; x_wconf 76' lang='lat' dir='ltr'><strong>PRETIVM.</strong></span> 
     </span>
    </p>
   </div>
   <div class='ocr_carea' id='block_1_12' title="bbox 1551 4491 2285 4582">
    <p class='ocr_par' dir='ltr' id='par_1_13' title="bbox 1551 4491 2285 4582">
     <span class='ocr_line' id='line_1_69' title="bbox 1551 4491 2285 4582; baseline 0.003 -29"><span class='ocrx_word' id='word_1_372' title='bbox 1551 4491 1759 4556; x_wconf 78' lang='lat' dir='ltr'><strong>Aurei</strong></span> <span class='ocrx_word' id='word_1_373' title='bbox 1777 4536 1797 4568; x_wconf 99' lang='lat'><strong>,</strong></span> <span class='ocrx_word' id='word_1_374' title='bbox 1841 4503 1912 4554; x_wconf 86' lang='lat' dir='ltr'><strong>et</strong></span> <span class='ocrx_word' id='word_1_375' title='bbox 1948 4495 2285 4582; x_wconf 36' lang='lat' dir='ltr'><strong>argentei.-</strong></span> 
     </span>
    </p>
   </div>
   <div class='ocr_carea' id='block_1_13' title="bbox 1171 4703 1559 4804">
    <p class='ocr_par' dir='ltr' id='par_1_14' title="bbox 1171 4703 1559 4804">
     <span class='ocr_line' id='line_1_70' title="bbox 1171 4703 1559 4804; baseline 0.005 -23"><span class='ocrx_word' id='word_1_376' title='bbox 1171 4703 1180 4708; x_wconf 34' lang='lat'><strong>³</strong></span> <span class='ocrx_word' id='word_1_377' title='bbox 1229 4729 1292 4798; x_wconf 84' lang='lat' dir='ltr'><strong>a)</strong></span> <span class='ocrx_word' id='word_1_378' title='bbox 1335 4726 1559 4804; x_wconf 59' lang='lat' dir='ltr'><strong>Cape.</strong></span> 
     </span>
    </p>
   </div>
   <div class='ocr_carea' id='block_1_14' title="bbox 1154 4725 2547 4892">
    <p class='ocr_par' dir='ltr' id='par_1_15' title="bbox 1154 4725 2547 4892">
     <span class='ocr_line' id='line_1_71' title="bbox 1768 4725 2541 4800; baseline 0.003 -18"><span class='ocrx_word' id='word_1_379' title='bbox 1768 4725 1839 4800; x_wconf 85' lang='lat' dir='ltr'><strong>b&gt;</strong></span> <span class='ocrx_word' id='word_1_380' title='bbox 1878 4726 1953 4782; x_wconf 87' lang='lat' dir='ltr'><strong>de</strong></span> <span class='ocrx_word' id='word_1_381' title='bbox 1980 4725 2076 4784; x_wconf 76' lang='lat' dir='ltr'><strong>die</strong></span> <span class='ocrx_word' id='word_1_382' title='bbox 2107 4737 2227 4784; x_wconf 85' lang='lat' dir='ltr'><strong>nat.</strong></span> <span class='ocrx_word' id='word_1_383' title='bbox 2262 4726 2541 4788; x_wconf 58' lang='lat' dir='ltr'><strong>exvm.</strong></span> 
     </span>
     <span class='ocr_line' id='line_1_72' title="bbox 1154 4815 2547 4892; baseline 0.005 -19"><span class='ocrx_word' id='word_1_384' title='bbox 1154 4834 1218 4892; x_wconf 85' lang='lat' dir='ltr'><strong>p.</strong></span> <span class='ocrx_word' id='word_1_385' title='bbox 1242 4824 1367 4878; x_wconf 70' lang='lat'><strong>405.</strong></span> <span class='ocrx_word' id='word_1_386' title='bbox 2522 4815 2547 4828; x_wconf 63' lang='lat'><strong>⁹</strong></span> 
     </span>
    </p>
   </div>
   <div class='ocr_carea' id='block_1_15' title="bbox 2814 4500 3863 4566">
    <p class='ocr_par' dir='ltr' id='par_1_16' title="bbox 2814 4500 3863 4566">
     <span class='ocr_line' id='line_1_73' title="bbox 2814 4500 3863 4566; baseline 0.015 -17"><span class='ocrx_word' id='word_1_387' title='bbox 2814 4532 2847 4549; x_wconf 91' lang='lat'><strong>..</strong></span> <span class='ocrx_word' id='word_1_388' title='bbox 2954 4533 3037 4550; x_wconf 84' lang='lat'><strong>.-</strong></span> <span class='ocrx_word' id='word_1_389' title='bbox 3201 4533 3271 4552; x_wconf 89' lang='lat'><strong>-..</strong></span> <span class='ocrx_word' id='word_1_390' title='bbox 3390 4534 3426 4554; x_wconf 90' lang='lat'><strong>..</strong></span> <span class='ocrx_word' id='word_1_391' title='bbox 3586 4533 3620 4552; x_wconf 89' lang='lat'>-</span> <span class='ocrx_word' id='word_1_392' title='bbox 3786 4500 3863 4566; x_wconf 87' lang='lat' dir='ltr'><strong>C.</strong></span> 
     </span>
    </p>
   </div>
   <div class='ocr_carea' id='block_1_16' title="bbox 2753 4730 4262 4811">
    <p class='ocr_par' dir='ltr' id='par_1_17' title="bbox 2753 4730 4262 4811">
     <span class='ocr_line' id='line_1_74' title="bbox 2753 4730 4262 4811; baseline 0.001 -26"><span class='ocrx_word' id='word_1_393' title='bbox 2753 4732 2814 4803; x_wconf 88' lang='lat' dir='ltr'><strong>c)</strong></span> <span class='ocrx_word' id='word_1_394' title='bbox 2852 4730 2919 4789; x_wconf 91' lang='lat' dir='ltr'><strong>L.</strong></span> <span class='ocrx_word' id='word_1_395' title='bbox 2940 4732 3040 4793; x_wconf 89' lang='lat'><strong>111.</strong></span> <span class='ocrx_word' id='word_1_396' title='bbox 3069 4752 3132 4811; x_wconf 86' lang='lat' dir='ltr'><strong>p.</strong></span> <span class='ocrx_word' id='word_1_397' title='bbox 3153 4736 3275 4799; x_wconf 80' lang='lat'><strong>156.</strong></span> <span class='ocrx_word' id='word_1_398' title='bbox 3310 4733 3450 4792; x_wconf 85' lang='lat' dir='ltr'><strong>edit.</strong></span> <span class='ocrx_word' id='word_1_399' title='bbox 3482 4733 3665 4791; x_wconf 80' lang='lat' dir='ltr'><strong>Hard.</strong></span> <span class='ocrx_word' id='word_1_400' title='bbox 3865 4732 3935 4808; x_wconf 79' lang='lat' dir='ltr'><strong>d)</strong></span> <span class='ocrx_word' id='word_1_401' title='bbox 3973 4733 4112 4792; x_wconf 84' lang='lat' dir='ltr'><strong>Lib.</strong></span> <span class='ocrx_word' id='word_1_402' title='bbox 4134 4731 4262 4794; x_wconf 84' lang='lat' dir='ltr'><strong>Vll.</strong></span> 
     </span>
    </p>
   </div>
   <div class='ocr_carea' id='block_1_17' title="bbox 4431 3430 4443 4181">
    <p class='ocr_par' dir='ltr' id='par_1_18' title="bbox 4431 3430 4443 4181">
     <span class='ocr_line' id='line_1_75' title="bbox 4431 3430 4443 4181; baseline 0 0"><span class='ocrx_word' id='word_1_403' title='bbox 4431 3430 4443 4181; x_wconf 95' lang='lat' dir='ltr'><strong> </strong></span> 
     </span>
    </p>
   </div>
   <div class='ocr_carea' id='block_1_18' title="bbox 4442 2263 4445 2350">
    <p class='ocr_par' dir='ltr' id='par_1_19' title="bbox 4442 2263 4445 2350">
     <span class='ocr_line' id='line_1_76' title="bbox 4442 2263 4445 2290; baseline 0 0"><span class='ocrx_word' id='word_1_404' title='bbox 4442 2263 4445 2290; x_wconf 98' lang='grc' dir='ltr'>Ι</span> 
     </span>
     <span class='ocr_line' id='line_1_77' title="bbox 4442 2323 4445 2350; baseline 0 0"><span class='ocrx_word' id='word_1_405' title='bbox 4442 2323 4445 2350; x_wconf 61' lang='lat' dir='ltr'><strong>l</strong></span> 
     </span>
    </p>
   </div>
   <div class='ocr_carea' id='block_1_19' title="bbox 4440 2547 4445 2786">
    <p class='ocr_par' dir='ltr' id='par_1_20' title="bbox 4440 2547 4445 2786">
     <span class='ocr_line' id='line_1_78' title="bbox 4440 2547 4445 2786; baseline 0 0"><span class='ocrx_word' id='word_1_406' title='bbox 4440 2547 4445 2786; x_wconf 60' lang='lat'>1</span> 
     </span>
    </p>
   </div>
  </div>
 </body>
</html>
