4509 5584
1022 583 1158 662 156
2389 557 2743 646 LIVIA.

1010 748 1335 816 Videntur
1383 765 1500 809 eae
1558 742 1836 828 aliquam
1888 739 2168 804 numinis
2212 741 2502 824 speciem
2622 752 2897 827 propter
2950 753 3289 804 recentem
3330 738 3660 826 impetrati
3695 738 3959 826 imperii
3989 762 4126 806 me·

1009 870 1169 935 prae
1226 868 1301 911 se
1369 844 1634 921 tulisse,
1699 851 1770 906 ut
1829 863 2023 927 supra
2059 842 2296 906 Iuliam
2340 844 2501 908 deae
2619 843 2894 907 moriam
2939 843 3088 927 plus
3134 842 3345 907 adbuc
3388 854 3668 906 matrem
3727 831 4127 911 observave-

1006 949 1278 1015 Pietatis
1327 946 1546 1032 specie
1588 944 1992 1029 propositam
2039 943 2355 1023 vidimus,
2412 958 2503 1009 at·
2618 957 2741 1010 rat.
2806 943 2953 1041 Qua
2999 944 3065 1007 in
3108 964 3185 1008 re
3240 964 3483 1029 operae
3515 946 3804 1030 pretium
3845 932 4126 1010 animad:

1011 1073 1139 1138 que
1181 1047 1630 1118 verisimiliter
1670 1046 1948 1126 Vestae,
2008 1047 2314 1134 quoniam
2358 1048 2501 1134 ejus
2617 1059 2921 1142 uertere,
3003 1046 3169 1112 hanc
3227 1045 3448 1112 {Iuliae
3521 1045 3832 1134 effigiem'
3878 1049 4126 1116 Vestae

1006 1154 1295 1220 sedentis
1338 1150 1561 1242 babitu
1606 1148 1834 1227 toties,
1894 1170 1971 1214 ac
2022 1163 2157 1215 tam
2211 1151 2492 1218 diversis
2612 1151 2747 1215 ritu
2798 1148 3090 1215 sedentis
3141 1148 3427 1236 primum
3466 1149 3753 1235 reperiri
3795 1149 3866 1212 in
3908 1148 4124 1235 numis
4167 1178 4175 1184 ·

1007 1258 1088 1321 ab
1119 1254 1388 1319 urbibus
1420 1272 1795 1337 expressam
1826 1252 2162 1320 babemus.
2224 1255 2313 1317 Et
2346 1276 2504 1320 cum-

1006 1360 1208 1426 Vesta
1233 1355 1498 1442 quidem
1529 1355 1732 1418 Iuliae
1767 1354 2011 1441 aliquid
2044 1358 2495 1420 intercessisse

1006 1459 1515 1533 communionis,
1573 1445 1800 1521 citatus
1847 1479 2041 1541 supra
2088 1473 2324 1520 numus
2365 1478 2501 1521 non

1007 1563 1285 1628 obscure
1348 1559 1623 1636 indicat,
1686 1558 1755 1645 in
1792 1557 1974 1640 cujus
2025 1558 2236 1623 antica
2274 1558 2501 1642 serisi-

1004 1665 1160 1729 mile
1215 1661 1351 1725 dixi
1404 1682 1549 1726 esse
1601 1659 2009 1746 propositum
2058 1672 2251 1745 caput
2296 1650 2499 1726 Iuliae

1007 1766 1126 1831 sub
1156 1764 1424 1829 Pietatis
1468 1762 1729 1839 habitu,
1774 1775 1843 1824 et
1875 1761 1945 1823 in
1980 1781 2205 1829 aversa
2238 1776 2339 1826 est
2370 1763 2504 1832 Ve

1004 1878 1102 1932 s'ta
1161 1865 1422 1929 sedens.
1498 1866 1667 1928 Sane
1710 1876 1779 1928 et
1813 1862 2056 1931 §vidia
2103 1862 2340 1929 dictam
2371 1867 2504 1934 Vc·

1007 1982 1168 2033 stam
1198 1966 1498 2032 videmus
1529 1968 1624 2049 ⁸⁰)

1136 2070 1300 2132 Esse
1352 2072 1746 2150 pudicarum
1793 2079 1860 2130 te
1907 2069 2178 2131 Vestam
2199 2112 2218 2145 ,
2262 2068 2506 2147 Livia,

2017 2181 2331 2231 matrum.

1005 2269 1239 2346 Novi,
1270 2269 1426 2355 quid
1485 2268 1728 2354 opponi
1786 2269 2011 2353 possit.
2116 2270 2497 2338 Verisimile

864 2431 873 2438 .
1004 2391 1244 2456 nempe
1297 2391 1430 2434 non
1478 2370 1728 2448 videri,
1781 2370 2160 2450 Tiberium,
2219 2372 2334 2458 qui
2368 2395 2500 2437 ma·

1007 2478 1128 2539 tris
1168 2494 1322 2537 suae
1360 2470 1695 2557 cupiditati
1731 2492 1814 2535 eo
1851 2472 2125 2552 restitit,
2152 2486 2225 2536 ut
2252 2496 2384 2539 non
2406 2476 2509 2539 ul-

1004 2580 1147 2640 lum
1181 2579 1511 2659 insignem
1543 2575 1859 2637 honorem
1894 2596 2042 2638 eam
2073 2578 2362 2658 recipere
2386 2597 2511 2660 pu-

1004 2680 1180 2742 blico
1208 2691 1556 2762 pateretur
1596 2674 1663 2756 ¹³)
1683 2719 1702 2751 ,
1736 2675 2114 2759 permisisse
2149 2675 2373 2741 matris
2409 2677 2507 2742 ef-

1004 2780 1229 2865 figiem
1278 2777 1440 2843 deae
1482 2778 1724 2847 Vestae
1774 2776 2097 2841 attributis
2163 2778 2376 2863 palam
2433 2777 2504 2842 iu

1007 2883 1173 2946 urbe
1229 2880 1559 2958 decorari,
1620 2894 1689 2943 et
1742 2879 1853 2964 qui
1911 2878 2168 2944 divinos
2210 2881 2503 2945 honores

1004 2997 1303 3048 mortuae
1354 2995 1694 3068 negasset,
1755 3002 1870 3047 eos
1915 2981 2126 3046 adhuc
2171 2981 2360 3051 vivae
2391 2982 2505 3045 de·

1006 3086 1175 3148 ferri
1207 3104 1341 3148 non
1370 3083 1800 3168 adversatum.
1878 3084 1968 3147 At
2003 3082 2331 3159 videmus,
2390 3085 2501 3146 Ti·

1008 3187 1262 3252 berium
1295 3207 1555 3272 quoque
1583 3188 1648 3249 in
1678 3185 1889 3250 numis
1909 3186 2131 3249 aeneis
2153 3188 2200 3249 1.
2220 3186 2497 3264 formae,

997 3289 1121 3375 ‘qui
1151 3289 1629 3353 inscribunturz
1692 3292 2083 3352 civitatibus
2129 3290 2351 3353 Asiae
2403 3310 2500 3351 re·

1008 3395 1309 3468 scitatis,
1363 3389 1540 3453 omni
1584 3391 1865 3453 numinis
1896 3393 2075 3455 cultu
2114 3389 2328 3473 palam
2359 3410 2510 3472 pro-

1008 3491 1313 3576 positum.
1360 3492 1567 3556 Sedet
1594 3492 1899 3560 nimirum
1929 3493 2093 3576 ipse,
2127 3492 2193 3557 d.
2217 3505 2506 3576 pateram

1008 3593 1340 3677 praefert,
1372 3615 1454 3658 s.
1494 3593 1781 3671 hastam,
1832 3593 2166 3678 supposito
2229 3591 2506 3675 pedibus

1010 3694 1339 3771 scabello,
1397 3714 1564 3778 quae
1619 3696 1834 3759 omnia
1884 3694 2063 3758 unita
2090 3707 2507 3780 praesentem

1012 3796 1212 3861 deum
1255 3809 1556 3880 arguunt.
1630 3797 1735 3858 Ex
1779 3818 1909 3879 quo
1953 3797 2278 3880 colligere
2328 3795 2509 3874 licet,

1014 3896 1394 3974 Tiberium,
1458 3899 1585 3961 etsi
1637 3895 1900 3983 publice
1967 3897 2371 3982 praeferret,
2436 3918 2507 3961 se

1013 3999 1265 4064 divinos
1318 3999 1614 4065 bonores
1672 3999 2048 4085 aspernari,
2114 4012 2334 4063 tamen
2375 4018 2508 4062 non

1012 4101 1426 4168 adversatum
1467 4101 1579 4180 iis,
1636 4101 1752 4186 qui
1814 4102 1954 4185 ejus
2021 4101 2370 4166 simulacro
2415 4100 2509 4164 di·

1012 4204 1147 4268 vini
1203 4204 1417 4268 cultus
1496 4202 1786 4288 speciem
1858 4202 2193 4268 addidere.
2282 4201 2505 4297 Quare

1010 4326 1230 4391 neque
1281 4305 1656 4382 adversatus
1690 4304 1952 4369 videtur
1989 4304 2066 4369 iis
2083 4305 2107 4384 ,‘
2156 4305 2272 4391 qui
2312 4302 2508 4367 simili

1010 4409 1265 4483 honore
1339 4421 1615 4471 matrem
1689 4405 2033 4490 adiecere,
2110 4421 2176 4471 et
2242 4404 2508 4492 quidem

1014 4527 1169 4571 mox
1244 4508 1324 4572 ab
1382 4507 1556 4573 adito
1616 4508 1938 4593 imperio,
2013 4527 2144 4592 quo
2203 4520 2507 4594 tempore

1088 4731 1150 4801 a)
1190 4731 1277 4786 De
1304 4730 1494 4790 Ponto
1525 4731 1590 4789 L.
1613 4730 1710 4793 lv.
1748 4751 1841 4810 ep.
1869 4731 2027 4796 xm.
2062 4751 2115 4792 v.
2136 4744 2223 4807 29.

1015 4842 1065 4878 c.
1096 4831 1177 4882 15.

2504 4732 2575 4805 b)
2617 4732 2776 4792 Suet.
2811 4731 2872 4790 in
2897 4733 3034 4792 Tib.
3073 4754 3124 4794 c.
3145 4747 3232 4798 50.

2617 1252 2874 1316 Tiberii
2922 1272 3069 1316 cum
3130 1252 3271 1336 ejus
3312 1252 3463 1318 trib.
3501 1263 3827 1337 potestate
3877 1252 4118 1330 XVII..

2617 1373 2809 1439 quam
2874 1353 2996 1418 ille
3043 1352 3374 1418 inchoavit
3422 1353 3507 1422 V.
3552 1353 3626 1421 C.
3670 1353 3831 1436 768,
3880 1373 4123 1439 nempe

2615 1477 2786 1520 anno
2818 1455 3099 1540 Augusti
3135 1470 3418 1520 mortem
3468 1469 3940 1540 consequente.
3999 1457 4124 1520 Er-

2617 1577 2705 1643 go
2758 1577 2836 1621 ea
2888 1570 3098 1621 statua
3152 1556 3375 1641 paullo
3431 1571 3583 1640 post
3623 1558 3904 1643 Augusti
3947 1578 4120 1623 mor·

2615 1673 2751 1723 tem
2810 1658 2892 1723 ab
2957 1657 3263 1724 adulante
3321 1673 3551 1723 senatu
3613 1658 3818 1724 fuerit
3872 1661 4119 1747 posita,

2615 1775 2689 1826 et
2714 1760 2795 1825 ab
2831 1781 2911 1825 ea
2946 1760 3325 1845 exemplum
3365 1760 3436 1822 in
3475 1761 3843 1847 provincias
3879 1762 4119 1828 datum.

2618 1861 2798 1969 Quin
2830 1862 3038 1928 multo
3071 1862 3283 1928 adhuc
3313 1863 3564 1944 serius,
3596 1862 3904 1926 nimirum
3934 1866 4018 1932 V.
4040 1866 4120 1932 G.

2621 1957 2752 2049 776
2811 1966 3111 2050 permisit
3167 1963 3475 2028 Tiberius
3520 1963 3774 2028 Asianis
3843 1968 4124 2050 petenti·

2621 2066 2778 2145 bus,
2838 2079 2909 2129 ut
2969 2065 3156 2148 sibi,
3190 2076 3260 2129 et
3317 2064 3510 2129 matri
3566 2067 3886 2151 templum
3945 2068 4117 2153 apud

2609 2168 2964 2252 Smyrnam
3008 2178 3407 2231 statueretur
3453 2168 3537 2254 θ).
3601 2166 3885 2235 Videtur
3917 2169 4124 2254 igitur

2615 2269 2907 2334 bonores
2949 2268 3204 2355 aliquos
3273 2265 3599 2331 interdum
3633 2269 3827 2333 matri
3853 2289 3990 2333 non
4020 2271 4119 2332 in·

2623 2372 2893 2448 vidisse,
2939 2369 3141 2434 modo
3201 2389 3336 2435 non
3375 2383 3596 2434 essent
3638 2371 3779 2454 ejus
3818 2372 4120 2455 generis,

2624 2475 2737 2560 qui
2767 2474 3168 2559 principatus
3192 2472 3260 2535 in
3290 2491 3432 2554 rep.
3448 2468 3979 2584 administranda
3978 2493 4123 2559 spe·

2622 2577 2793 2643 ciem
2829 2577 3269 2661 praeferrent.

3351 2659 3392 2695 ιιι

3549 2704 3601 2742 -u

2851 2778 3293 2847 AVGVSTA.
3333 2777 3672 2845 MATER.
3704 2777 4115 2843 PATRIAE.

2852 2881 3086 2950 VIBII.
3166 2881 3424 2942 Mulier
3475 2881 3702 2943 velata
3758 2882 3995 2945 sedens
4054 2886 4116 2944 d.

2843 2996 3152 3067 pateram
3169 3027 3188 3060 ,
3214 3004 3267 3047 s.
3296 2970 3586 3048 kastam.

2618 3085 2799 3150 MP.
2836 3086 2948 3151 ΤΙ.
2976 3084 3219 3150 CAES.
3252 3082 3459 3151 AVG.
3498 3083 3688 3149 COS.
3721 3083 3831 3148 111.
3905 3084 4118 3166 caput

2626 3187 2877 3252 Dberti
2941 3190 3343 3252 laureatum.
3393 3184 3578 3257 ‚AR
3639 3187 3691 3250 Ι.
3749 3183 4116 3271 (Theupoli

2621 3310 2690 3374 p.
2721 3289 2903 3368 664.)

2746 3390 2852 3450 Ειι
2902 3387 3182 3452 alterum
3238 3409 3550 3466 numum,
3603 3408 3641 3452 a
3683 3386 3909 3473 priore
3973 3390 4119 3452 solo

2621 3492 2944 3577 principis⁸
2984 3491 3196 3578 capite
3246 3489 3599 3556 diversum.
3680 3491 3850 3552 Eum
3890 3503 4119 3555 auctor

2586 3611 2592 3618 ·
2625 3595 2766 3678 ejus
2800 3592 3083 3677 catalogi
3111 3593 3342 3660 Vticae
3380 3591 3680 3658 vindieat.
3727 3591 4116 3677 Opportune

2621 3695 2831 3775 istud,
2877 3694 2997 3761 sed
3050 3707 3267 3759 tamen
3318 3693 3402 3757 de
3446 3692 3733 3758 lectione
3781 3693 3962 3762 Vibii
4003 3694 4116 3758 du·

2623 3799 2787 3864 bito.

3144 3925 3184 3962 Ἰ
3353 3881 3393 3918 ·
3562 3929 3601 3967 ἢ

2905 3999 3212 4073 SALVS.
3317 4000 3758 4072 AVGVSTA.
3844 3997 4115 4066 PERM.

2903 4101 3315 4172 AVGVSTI.
3390 4103 3606 4188 Caput
3641 4104 3961 4169 muliebre
4003 4125 4118 4166 nu-

2905 4206 3082 4269 dum.

2625 4305 2890 4377 LVLIA.
2938 4305 3380 4376 AVGVSTA.
3421 4306 3493 4369 C.
3530 4306 3611 4369 A.
3657 4307 3736 4370 E.
3786 4307 3974 4370 Iulia
4021 4328 4118 4370 se·

2622 4410 2785 4472 dens
2829 4408 2891 4471 d.
2920 4410 3181 4491 spicas,
3222 4429 3278 4473 s.
3313 4410 3629 4480 hastam„
3665 4409 3806 4475 ΔΕ.
3843 4411 3896 4476 1.
3933 4406 4120 4491 (Flo-

2621 4529 2741 4574 rez
2771 4511 2837 4573 in
2869 4507 3082 4573 numis
3113 4507 3504 4594 Emeritae.)

3512 4735 3575 4805 c)
3607 4727 3804 4792 Tacit.
3831 4735 3983 4792 Anu.
4014 4734 4112 4797 IV.
