4509 5584
1015 589 1027 598 ’
1099 591 1243 670 ὃῐιῧ

1096 734 1292 818 etiam
1354 752 1494 833 ejus
1555 745 1795 809 honori
1852 741 2290 807 sacerdotium
2352 745 2585 829 probat
2635 815 2641 821 ‚

1093 872 1380 918 marmor
1425 846 1886 911 Gruterianum
1931 848 2025 924 ι),
2067 844 2151 905 -in
2200 865 2331 929 quo
2381 848 2587 911 Amo,
2635 871 2645 878 .

1087 956 1197 1018 nia
1258 951 1497 1016 dicitur
1548 947 2034 1011 SACERDOS.
2082 947 2381 1014 DIVAE.
2425 948 2588 1011 Do.

1010 1105 1020 1114 .
1089 1031 1541 1119 mTILILAE.
1607 1041 1888 1113 Secutus
1936 1047 2251 1130 Tra-janus
2306 1068 2423 1111 suo
2475 1071 2584 1133 pa·

1086 1158 1209 1233 tri,
1271 1155 1383 1240 qui
1436 1151 1725 1236 privatus
1782 1170 2042 1236 qunque
2102 1164 2397 1213 mortuus
2442 1163 2591 1228 est,

1083 1259 1346 1322 divinos
1405 1250 1670 1339 quidem
1728 1249 2051 1327 bonores,
2136 1264 2199 1313 at
2245 1271 2391 1313 non
2454 1257 2585 1314 Au-

1015 1369 1022 1376 ‘
1087 1358 1265 1443 gusti
1320 1355 1582 1420 titulum
1625 1352 1881 1417 detulit.
1971 1352 2263 1414 Censent
2304 1352 2585 1418 Vaillan-

1073 1463 1215 1525 tius
1261 1459 1361 1541 ¹³),
1422 1469 1490 1520 et
1543 1466 1694 1539 post
1746 1453 1920 1517 bunc
1979 1453 2224 1515 Gorius
2272 1456 2368 1534 0,)
2431 1474 2589 1538 quo·

1083 1563 1257 1626 niam
1342 1556 1523 1621 numi
1598 1553 1842 1619 laudati
1911 1553 2366 1622 FORTVNA.
2437 1555 2591 1622 Av-

1077 1664 1347 1744 GVST.
1384 1694 1470 1707 —
1510 1655 2250 1748 PAcl.AVGVS‘1jAE
2290 1690 2377 1705 -
2414 1656 2592 1717 PIE-

1092 1764 1284 1827 TAS.
1328 1759 1751 1835 AVGVST„
1814 1775 2179 1841 eorumque
2234 1756 2373 1855 typi
2431 1757 2594 1819 nihil

1087 1868 1172 1931 ad
1225 1859 1610 1928 Domitillae
1683 1847 2247 1922 consecrationem
2309 1858 2591 1937 faciunt,

1086 1986 1205 2032 eos
1243 1978 1355 2030 aut
1390 1981 1539 2029 esse
1576 1965 1956 2045 suspectos,
2010 1974 2080 2025 et
2119 1960 2295 2024 forte
2332 1960 2591 2025 moder-

1078 2070 1151 2132 ni
1191 2065 1500 2144 artificis,
1546 2075 1659 2128 aut
1707 2075 1962 2126 temere
2013 2075 2415 2146 permutatas
2458 2084 2590 2129 ma·

1079 2170 1304 2234 trices.
1389 2167 1479 2229 At
1531 2163 1848 2229 falluntur
1895 2162 2028 2228 'vir'i
2085 2161 2329 2227 eruditi
2346 2187 2367 2245 3
2430 2186 2581 2229 nam
2634 2191 2651 2206 ²

1084 2271 1264 2356 quod
1306 2287 1538 2331 eorum
1589 2267 1775 2350 plura
1822 2267 2223 2348 exemplaria
2271 2267 2469 2332 variis
2513 2269 2581 2328 in

1082 2373 1327 2437 muscis
1367 2357 1578 2452 iisque
1613 2366 1911 2452 'purgatis
1952 2369 2186 2443 latent,
2242 2366 2419 2436 istud
2452 2389 2582 2431 ma·

1077 2475 1185 2540 lae
1229 2492 1346 2538 cos
1388 2470 1549 2534 fidei
1589 2468 1909 2549 absolvit3
1965 2466 2205 2532 deinde
2258 2470 2314 2532 si
2361 2471 2584 2535 man-i·

1082 2595 1232 2640 cum
1279 2575 1350 2636 in
1389 2571 1470 2635 iis
1518 2570 1973 2635 confusionem
2006 2570 2381 2654 opinamur,
2430 2593 2583 2656 pro-

1079 2693 1313 2763 pterea
1353 2670 1529 2758 quod
1568 2685 1790 2756 partes
1825 2690 2095 2736 aversae
2136 2672 2301 2734 nibil
2338 2673 2580 2737 habent

1079 2779 1161 2845 ad
1225 2773 1788 2842 consecrationem
1845 2773 2223 2857 pertinens,
2304 2774 2576 2839 eandem

1080 2879 1337 2965 opinari
1382 2876 1577 2942 etiam
1626 2875 1695 2938 in
1747 2873 1963 2939 numis
2003 2874 2145 2940 divi
2193 2875 2578 2974 Vespasiani

1080 2980 1444 3067 oportebit,
1516 2997 1794 3061 quorum
1864 2975 2023 3039 item
2075 2979 2357 3041 'aversae
2417 2978 2580 3043 offe-

1078 3097 1232 3149 runt
1278 3078 1522 3146 CAES.
1565 3078 1948 3147 AVGVST.
1990 3113 2078 3127 —
2126 3080 2572 3146 Vlc'I'ORIA.

1077 3183 1457 3258 AVGVST.
1494 3192 1625 3247 etc.
1683 3178 1819 3242 Sed
1852 3178 1936 3243 de
1966 3180 2089 3243 hac
2119 3182 2419 3262 peristasi
2445 3201 2580 3245 mo·

1079 3287 1379 3351 nebimus
1415 3294 1761 3367 praeterea
1790 3277 1922 3344 alia
1937 3281 2005 3342 in
2038 3294 2313 3345 tractatu
2348 3283 2430 3346 de
2465 3306 2580 3347 nu·

1078 3388 1202 3451 mis
1245 3383 1833 3451 consecrationum.
1897 3381 1971 3443 Si
2017 3402 2217 3446 numo
2260 3404 2344 3447 ex
2380 3384 2580 3448 addu-

1078 3491 1198 3557 ctis
1231 3488 1476 3601 primo·
1477 3482 1666 3560 fides,
1701 3481 1931 3568 quod
1911 3504 2168 3567 ignoro,
2200 3499 2578 3549 consecrata

1075 3592 1203 3655 fuit
1244 3612 1281 3652 a
1318 3586 1584 3661 marito,
1638 3597 1705 3646 et
1740 3585 2002 3670 quidem
2039 3599 2316 3669 propter
2350 3585 2578 3654 inscri-

1074 3706 1261 3777 ptum
1314 3685 1720 3752 consulatum
1768 3688 1878 3748 111.
1938 3687 2065 3769 jam
2117 3688 2350 3751 saltem
2388 3710 2574 3752 .anno

1074 3795 1160 3861 V.
1191 3792 1263 3854 C.
1292 3790 1440 3865 824.
1497 3786 1600 3850 Si
1619 3791 1855 3849 numus
1899 3785 2008 3851 bic
2056 3786 2259 3867 fallit,
2309 3790 2570 3855 mallem

1077 3901 1526 3958 consecratam
1564 3912 1602 3954 a
1634 3885 1774 3953 filio
1812 3889 1967 3953 Tito
1993 3903 2251 3974 putare.

1481 4093 1489 4100 “
1591 4103 1631 4140 σε
1798 4057 1839 4096 ⁴⁵
2010 4106 2048 4142 se

1396 4193 1898 4259 MEMORIAE.
1978 4191 2564 4261 DOMITlLLAE.

1383 4298 1467 4362 S.
1496 4299 1571 4361 P.
1607 4295 1687 4391 Q.
1726 4298 1808 4362 R.
1876 4297 2272 4380 Carpe-ntum
2313 4317 2358 4359 a
2392 4296 2571 4359 binis

1389 4400 1596 4462 mulis
1632 4410 1943 4462 tractum.

1076 4503 1254 4568 mr.
1321 4503 1403 4562 Τ.
1466 4498 1832 4565 CAESAR.
1895 4499 2105 4566 Dm.
2168 4498 2420 4567 vnsr.
2483 4455 2561 4563 ιθ.

1143 4825 1211 4890 a)
1245 4819 1388 4893 pag.
1408 4815 1531 4882 366.
1559 4825 1612 4876 [ι.

1763 4814 1833 4887 b)
1873 4815 2047 4873 Num.
2079 4825 2296 4890 praest.
2328 4813 2490 4872 1211.
2524 4832 2656 4888 pag.
2679 4825 2769 4883 94.

2301 571 2998 649 DOMITILLA.

2698 745 2905 814 AVG.
2942 745 3018 809 P.
3053 746 3147 809 M.
3186 733 3327 804 ΤΒ.
3368 745 3441 805 P.
3474 745 3551 807 P.
3585 739 3660 809 P.
3702 743 3899 811 COS.
3926 747 4096 816 Vm.
4129 750 4195 810 ἰη

2699 849 2915 910 medio
2952 845 3132 910 S.·C.
3179 847 3318 906 ΑΕ.
3352 848 3402 910 1.
3447 845 3900 929 (maxema.)

2827 946 3166 1011 Dissident
3203 941 3578 1029 antiquarii,
3632 948 3845 1012 sintne
3883 948 3953 1011 id
3997 969 4193 1034 genus

2692 1047 2880 1121 numi
2915 1047 3247 1111 tribuendi
3279 1047 3659 1112 Domitillae
3694 1050 3828 1112 Titi
3863 1052 4087 1128 matri,
4119 1074 4193 1114 sn
4322 1061 4331 1070 “

2705 1150 2923 1211 sorori
2954 1149 3351 1234 cognomini.
3400 1149 3771 1213 sorori-eas
3790 1151 4076 1236 largitus
4096 1166 4195 1215 est

2704 1250 2926 1320 Occo.
2968 1237 3070 1316 ‘et
3113 1252 3491 1325 Tristanus,
3563 1271 3752 1333 quam
3796 1253 4192 1317 sententiam

2703 1350 2975 1415 subinde
3024 1351 3322 1435 amplexi
3378 1363 3527 1414 sunt
3582 1354 3736 1435 alii3
3794 1373 4030 1419 verum
4081 1354 4193 1419 bos

2705 1472 2965 1537 q-uoque
2998 1451 3081 1516 ad
3110 1465 3390 1516 matrem
3416 1453 3791 1536 pertinere,
3838 1457 4191 1520 communis

2702 1574 2875 1617 nunc
2908 1554 3055 1618 fere
3094 1553 3347 1618 obtinet
3379 1557 3722 1621 sententia.
3767 1556 3996 1619 Malim
4034 1555 4195 1621 bona

2705 1655 3217 1739 antiquariorum
3295 1657 3486 1721 venia
3562 1656 3753 1741 sequi
3824 1656 4196 1735 Occonem,

2698 1756 3129 1821 suadentibus
3165 1756 3339 1820 istud
3374 1757 3768 1837 rationibus,
3815 1778 3984 1841 quae
4017 1772 4197 1824 certe

2710 1858 2928 1921 sorori
2981 1878 3140 1942 prae
3189 1871 3396 1922 matre
3442 1857 3699 1939 favent,
3748 1872 3980 1947 estque
4027 1860 4198 1925 istud

2652 2011 2658 2018 .
2702 1978 2984 2022 examen
3014 1961 3282 2025 minime
3315 1959 3578 2040 sterile,
3615 1960 3738 2027 sed
3764 1961 3958 2026 ferax
3980 1962 4199 2028 obser-

2700 2061 3041 2128 vationum
3074 2082 3209 2127 non
3244 2060 3590 2126 inutilium.
3862 2111 3871 2120 .

2825 2162 2898 2225 Si
2952 2164 3133 2226 numi
3187 2163 3258 2225 bi
3313 2178 3462 2229 sunt
3501 2165 3884 2230 Donisillae
3938 2167 4193 2242 matris,

2698 2264 2927 2346 quaeri
2972 2265 3121 2349 jure
3170 2279 3422 2349 potest,
3477 2287 3598 2331 cur
3648 2268 3715 2329 in
3759 2268 3973 2331 numis
4016 2290 4194 2353 prae·

2698 2365 2988 2430 sentibus
3050 2367 3427 2431 omittantur
3488 2367 3661 2432 tituli
3717 2370 4046 2448 DIVAE,
4122 2382 4192 2433 et

2695 2467 3211 2545 AVGVS'I'AE,
3255 2469 3504 2551 quibus
3556 2489 3701 2534 eam
3753 2469 3959 2533 fuisse
4008 2490 4191 2554 prae·

2693 2567 2894 2632 ditam
2951 2568 3193 2633 docent
3244 2571 3427 2632 numi
3478 2571 3699 2648 aurei,
3766 2584 3839 2634 et
3893 2572 4188 2655 argentei

2694 2691 2891 2754 supra
2925 2669 3260 2754 descripti.
3319 2670 3654 2736 Habemus
3684 2671 3755 2733 -in
3792 2674 4007 2737 numis
4049 2693 4192 2737 con·

2695 2784 3014 2836 secratam
3060 2771 3316 2838 Liviam
3355 2773 3662 2862 Augusti,
3710 2785 3918 2857 atque
3964 2774 4195 2838 eadem

2693 2874 2761 2935 in
2797 2875 3011 2958 numis
3057 2875 3569 2940 consecrationis
3613 2888 3993 2939 constanter
4044 2874 4192 2939 dici-

2696 2977 2806 3037 tu'r
2841 2977 3082 3045 DIVA.
3117 2977 3561 3045 AVGVSTA.
3620 2976 3876 3041 Eadem
3920 2977 4084 3062 lege
4128 2975 4193 3038 in

2695 3077 2909 3142 numis
2944 3077 3317 3150 consecrati
3351 3078 3630 3164 Augusti
3672 3077 4010 3142 omnibns:
4075 3079 4190 3154 D1÷

2696 3179 2892 3246 VVS.
2955 3179 3462 3256 AVGVSTVS,
3529 3179 3816 3246 Claudiis
3893 3179 4187 3247 DIVVS.

2692 3279 3713 3360 CLAVD1VS.AVGVSTVS,
3771 3281 4189 3364 Vespasiani·

2693 3381 3647 3450 D1VVS.VESPASIANV8.
3689 3382 4191 3454 AVGVSTVS.

2694 3494 2890 3566 atque
2956 3481 3162 3546 etiam
3228 3482 3298 3543 in
3362 3483 3561 3546 certis
3619 3483 4002 3546 Domitillae
4060 3505 4190 3546 ma-

2693 3584 2844 3666 tris·
2926 3581 3745 3652 DIVA.DOM1'1·1LLA.
3803 3586 4051 3661 AVG„
4124 3599 4191 3647 et

2692 3684 2914 3767 paullo
2957 3698 3108 3768 post
3154 3683 3228 3745 in
3282 3688 3499 3750 numia
3542 3687 3746 3751 iuliae
3794 3686 3928 3749 Titi
3970 3686 4183 3752 filiast

2687 3783 3354 3854 DlvAE.'1V1.1AE.
3399 3787 3608 3856 AVG.
3679 3789 3827 3850 Cur
3869 3808 4074 3871 ergo,
4100 3788 4187 3850 ·si

2688 3888 2880 3972 hujus
2926 3908 3188 3973 quoque
3231 3902 3380 3952 sunt
3419 3889 3601 3952 numi
3644 3903 4065 3973 praesentes,
4118 3889 4187 3951 in

2687 3989 2790 4051 his
2827 3990 2983 4053 solis
3019 3989 3361 4056 observata
3386 4012 3527 4054 non
3562 4005 3741 4055 esset
3772 3992 3881 4054 lex
3916 3989 4075 4053 inde
4106 3990 4185 4053 ab

2684 4093 2984 4175 Augmsto
3027 4104 3405 4157 constanter
3443 4094 3742 4156 retenta⁹
3799 4094 3987 4177 Ergo
4037 4091 4185 4157 cuni

2686 4195 2866 4255 numi
2898 4192 2973 4255 hi
3005 4206 3074 4257 et
3113 4197 3343 4272 dlvao,
3386 4207 3456 4257 et
3493 4197 3853 4277 Augustae
3893 4189 4182 4279 appella·

2683 4295 2898 4359 tiones
2968 4295 3298 4372 omittant,
3374 4294 3809 4358 indubitatum
3881 4296 4183 4372 videtur,
4218 4359 4227 4364 -

2682 4397 3002 4481 primum,
3054 4417 3186 4460 non
3227 4406 3423 4481 posse
3476 4415 3592 4460 eos
3632 4397 3838 4460 tribui
3879 4398 4187 4461 Domitil-

2680 4498 2785 4561 lae
2828 4497 3053 4574 matri,
3110 4518 3274 4583 quae
3317 4511 3599 4582 utroque
3641 4497 3897 4563 bonore
3942 4500 4187 4584 gloria·

2918 4816 2979 4884 c>
3022 4812 3100 4868 ad
3130 4763 3358 4869 morelli
3392 4813 3583 4890 Impp.
3619 4815 3687 4870 T.
3711 4815 3780 4874 11.
3808 4834 3868 4892 p.
3891 4807 4011 4879 325.
