4509 5584
1073 569 1222 641 402
1462 574 1469 579 ·
1973 506 2788 629 ὑΕεΡΑειΑΝνει
2853 548 3302 628 rvmoa.

1398 721 1723 807 Argentei
1819 755 1846 770 -
2013 756 2042 771 -
2212 757 2239 772 .
2412 756 2440 776 -
2551 756 2634 813 Ι.
2799 732 2882 773 .”
2992 756 3020 773 .
3140 680 3218 772 ”’.
3380 756 3415 770 -
3578 724 3724 787 RB

1397 824 1720 907 Argentei
1761 845 1928 887 max.
1959 823 2210 889 formae
3575 827 3842 888 ntum.

1392 926 1605 989 Aenei
1639 927 1687 986 1.
1724 925 1974 995 formae
2203 964 2229 977 ·
2399 961 2425 973 -
2596 961 2620 976 ·
2788 961 2814 975 ·
2972 963 3006 976 ·
3177 960 3204 972 -
3375 959 3400 973 ·
3571 929 3838 991 mum.

1396 1027 1612 1091 Aenei
1641 1029 1722 1090 11.
1755 1027 2007 1090 formae
2210 1062 2241 1104 ·‚
2410 1064 2434 1077 ·
2604 1063 2630 1075 -
2675 1096 2684 1107 ,
2792 1061 2821 1076 ·
2992 1062 3015 1074 ·
3184 1061 3210 1074 -
3377 1060 3406 1081 -
3574 1029 3777 1093 mm.

1386 1130 1606 1195 Aenei
1636 1130 1749 1193 111.
1785 1129 2042 1193 formae
2098 1190 2103 1195 ,
2207 1164 2234 1179 ·
2404 1165 2430 1179 -
2599 1164 2625 1178 -
2787 1164 2816 1179 ·
2982 1163 3013 1178 ·
3177 1163 3203 1176 ·
3372 1163 3397 1176 ·
3563 1118 3652 1194 (³).

1389 1230 1760 1297 Comm'otis
1786 1234 2157 1316 peregrini,
2202 1243 2274 1294 ut
2302 1231 2607 1317 proxime
2651 1230 2914 1295 dictum.

1949 1500 2804 1617 VESPASIANVSJ
2850 1525 3179 1593 IVNIO
3200 1472 3277 1593 ie.

2676 1710 3073 1788 concubina,
3137 1730 3328 1796 quam
3374 1707 3632 1794 pridem
3687 1682 3836 1772 sibi’
3851 1648 4159 1774 ⁸dilectam

1221 1809 1979 1877 OTGCIIACIANOC.
2010 1804 2083 1872 N
2088 1806 2554 1874 essTePoc
2673 1825 2929 1875 mortua
2986 1812 3325 1876 Domitilla
3384 1812 3761 1888 revocavit,
3819 1812 4161 1897 habuitque

1230 1917 1446 2000 Caput
1474 1916 1767 1995 juvenile
1801 1914 2067 1976 nudum.
2673 1915 2866 1978 etiam
2892 1914 3254 1999 imperator
3277 1904 3489 2000 paene
3515 1915 3724 1997 justae
3749 1916 3976 1978 uxoris
4005 1915 4162 1989 loco,

1051 2010 1708 2082 cMTPNAmN..
1740 2016 2051 2079 Victoria
2084 2015 2425 2096 gradiens.
2479 2017 2556 2077 In
2671 2029 2743 2078 ut
2783 2015 3019 2079 eodem
3055 2016 3209 2081 loeo
3247 2030 3470 2080 narrat
3503 2016 3876 2105 Suetonius.
3921 2018 4160 2085 Verum

1051 2119 1224 2183 aliis:
1265 2118 1427 2202 Spes
1450 2119 1795 2198 gradiens.
1827 2114 2153 2190 (Han-auin
2183 2115 2356 2181 nist.
2391 2116 2563 2200 Aug.
2677 2139 2759 2181 an
2778 2118 2927 2180 ullo
2950 2132 3148 2202 pacto
3179 2115 3802 2195 verisimile,·filium
3824 2118 4160 2203 illegitimo

1050 2244 1114 2307 p.
1147 2219 1300 2304 733.
1362 2220 1578 2300 Haym
1624 2219 1815 2281 Tom.
1861 2218 1912 2284 1.
1960 2237 2025 2301 p.
2060 2217 2206 2295 248.
2263 2217 2561 2282 Pelleriu
2674 2218 2872 2282 thoro
2902 2233 3125 2283 natum
3152 2220 3220 2282 in
3257 2220 3379 2285 hac
3408 2219 3697 2283 filiorum
3727 2220 4162 2309 legitimorum

1048 2325 1209 2389 Mel.
1242 2323 1323 2383 11.
1366 2343 1438 2406 p.
1467 2329 1603 2401 40)
2230 2380 2245 2392 ,

1130 2423 1436 2502 Eruditi‚
1494 2422 1608 2509 qui
1657 2421 1728 2484 in
1750 2419 1897 2484 ,hos
1946 2439 2181 2485 numos
2228 2441 2560 2486 commen·

1045 2527 1393 2603 tati2sunt,
1442 2525 1656 2590 varias
1701 2542 2115 2609 proposuere
2159 2525 2553 2603 sententias,

1048 2631 1234 2713 eujus
1269 2628 1472 2693 fuerit
1508 2624 1699 2689 fflius»
1719 2625 2157 2710 Vespasianus
2190 2624 2321 2703 hie,
2355 2647 2553 2713 quem

1140 1713 1416 1777 Exstant
1456 1708 1638 1776 numi
1684 1708 1875 1775 aenei
1918 1706 2234 1792 Smyrnae
2286 1698 2555 1792 signati.

2673 2320 2849 2394 Titi,
2909 2335 2980 2384 et
3038 2321 3397 2386 Domitiani
3453 2321 3747 2409 potentia
3801 2322 3872 2384 iu
3933 2343 4161 2388 nomen

2670 2423 3056 2506 Vespasiani
3089 2422 3496 2507 adoptatum,
3527 2424 3727 2510 eique
3755 2409 4030 2511 publice
4062 2428 4162 2489 de·

2670 2523 2948 2589 dicatam
2981 2525 3354 2591 monetam?

2749 2628 2935 2696 Vero
2980 2627 3293 2714 propiora
3345 2625 3544 2693 docet
3588 2628 3905 2713 Haymius
3963 2631 4024 2711 ο)
4073 2629 4160 2692 ὶιι-

1036 2735 1382 2813 juniorem
1435 2727 1837 2814 compellant
1894 2727 1963 2788 hi
2018 2729 2220 2793 numi.
2308 2731 2554 2794 Censet

1042 2833 1424 2899 Harduinus
1460 2834 1555 2916 ⁸),
1590 2836 1818 2917 fixisse
1850 2849 2005 2893 eum
2028 2827 2266 2914 filium
2309 2834 2553 2913 Vespa·
2585 2852 2590 2871 ·

1042 2941 1247 3015 ciani,
1279 2939 1398 3000 scd
1418 2954 1508 2998 ex
1536 2934 1827 2997 secunda
1854 2932 2130 3015 conjuge
2161 2933 2546 2997 Domitilla.

1040 3039 1155 3102 Bis
1191 3039 1261 3101 iu
1296 3036 1518 3123 paucis
1557 3034 1778 3102 verbis
1812 3033 2157 3119 insigniter
2192 3033 2548 3099 hallucina-

1042 3158 1152 3205 tur
1181 3140 1286 3206 vir
1316 3138 1648 3215 eruditus,
1683 3136 1965 3222 primum
1984 3181 2003 3213 ‚
2042 3135 2220 3222 quod
2252 3150 2547 3221 quartam

2665 2729 2898 2795 duetus
2948 2730 3247 2793 Suetonii
3306 2729 3590 2809 indicio,
3650 2731 3764 2816 qui
3815 2753 4027 2819 agens
4079 2732 4155 2795 de

2665 2834 2747 2897 Τ.
2779 2824 3013 2898 Flavio
3050 2832 3395 2897 Clemente
3431 2831 3595 2897 haee
3633 2833 3860 2898 scribit
3888 2833 3995 2919 d)=
4040 2837 4160 2899 De-

2663 2937 2861 3013 nique
2887 2934 3195 2999 Flavium
3226 2935 3625 2999 Clementem
3645 2939 4028 3020 patruelem
4059 2960 4158 3002 su·

2660 3055 2772 3097 um
2826 3039 3431 3119 contemptissimae
3467 3039 3756 3101 inertiae
3793 3041 4150 3112 iuter-emit,

2661 3137 2850 3215 cujus
2859 3134 3299 3220 filios'etiam
3325 3149 3468 3201 tum
3487 3140 3810 3222 parvulos
3833 3160 4156 3205 suceesso-

1043 3241 1344 3307 sobolem
1390 3239 1684 3325 adfingat
1734 3237 2136 3322 Vespasiano
2156 3283 2175 3317 ,
2244 3258 2394 3302 eum
2455 3253 2547 3303 ta·

1041 3365 1193 3408 men
1244 3343 1492 3407 diserte
1537 3340 1750 3417 tradat
1783 3338 2171 3416 Suetonius,
2228 3352 2369 3404 tres
2409 3353 2547 3427 tan·
2658 3343 2924 3405 nomine
2958 3342 3254 3404 alterum
3300 3338 4023 3406 VESPASIANVM
4055 3362 4155 3424 ap-

1038 3463 1178 3510 tum
1224 3447 1476 3509 liberos
1512 3443 1916 3528 Vespasiano
1966 3441 2213 3515 tulisse⁴
2238 3442 2542 3506 Domitil—
2648 3442 2900 3524 pellan·
2935 3443 3267 3522 jusserat,
3324 3443 3613 3505 alterum
3665 3442 4151 3533 Domitienum.

1038 3532 1210 3623 lam,
1283 3547 1541 3622 Titum,
1611 3544 2094 3621 Domitianum,
2164 3557 2240 3608 -et
2295 3564 2542 3628 eogno·
2655 3545 2906 3607 Eorum
2932 3543 3133 3608 etiam
3160 3542 3458 3617 meminit
3477 3542 3980 3635 Quinctilianus,
4007 3565 4149 3609 oum

1036 3650 1284 3714 minem
1360 3648 1557 3711 matri
1628 3644 2036 3710 Domitillam
2058 3642 2177 3728 ὦ).
2280 3646 2540 3711 Deinde
2657 3658 3004 3731 utrumque
3049 3646 3175 3710 sihi
3221 3669 3257 3709 a
3296 3645 3672 3710 Domitiano
3714 3646 4148 3713 erudiendum

1039 3750 1218 3839 quod
1275 3748 1684 3816 Domitillam
1748 3746 2098 3811 secundam
2156 3747 2543 3831 Vespasiani
2658 3744 2876 3810 datum
2894 3762 3114 3813 narrat
3131 3749 3235 3815 his
3254 3748 3475 3814 verbis
3506 3748 3598 3831 ²)=
3635 3750 3977 3838 Cumpero
3993 3750 4153 3812 mihi

1034 3874 1314 3918 uxorem
1363 3852 1688 3944 appellet,
1743 3847 2025 3934 perinde
2064 3848 2247 3933 quasi
2291 3848 2375 3914 de
2410 3850 2543 3935 pri-
2656 3850 3098 3915 Domitianus
3132 3852 3498 3943 Augustus
3541 3855 3799 3913 sororis
3841 3871 4012 3914 suae
4047 3869 4147 3911 ne·

1036 3980 1140 4023 ma
1191 3957 1403 4043 aliqua
1459 3955 1606 4039 ejus
1646 3968 1868 4016 -uxore
1923 3963 2276 4016 constaret.
2355 3953 2537 4016 Haec
2644 3966 2880 4033 potum
2922 3954 3324 4033 delegem-rit
3371 3971 3600 4014 curam
3629 3963 3753 4015 etc.
3783 3951 3915 4015 sed
3949 3951 4147 4016 nemi-

1034 4083 1202 4148 ergo
1247 4057 1570 4124 sententia
1615 4057 1791 4118 iuter
1832 4053 2022 4118 solita
2060 4053 2382 4117 Harduini
2420 4055 2538 4138 fig·
2650 4074 2734 4116 na
2762 4050 3020 4118 omittit.
3060 4051 3233 4115 Huic
3247 4050 3463 4139 igitur
3484 4053 3894 4137 Vespasiano
3917 4074 4143 4118 numos

1035 4177 1255 4229 menta
1303 4161 1671 4227 amolienda
1719 4171 1846 4224 est.
1933 4156 2236 4221 Eundem
2288 4157 2537 4241 Vespa·
2648 4154 2771 4218 hos
2792 4153 3203 4220 confidenter
3219 4153 3603 4218 tribuendos
3627 4176 3776 4221 esse
3799 4158 4139 4220 existimat.

1033 4268 1197 4332 siani
1265 4284 1526 4351 quoque
1585 4261 1793 4325 filium
1853 4258 2014 4324 fecit
2083 4260 2169 4324 cl.
2193 4258 2533 4323 Beauvais
2649 4240 2816 4320 sunt
2837 4266 3052 4322 tam'en
3070 4256 3422 4321 nonnullae
3441 4256 3750 4335 rationes,
3779 4258 4142 4342 quaeistud

1031 4387 1323 4454 nuperus
1410 4369 1758 4430 Caesarum
1843 4361 2281 4447 biographus,
2398 4381 2532 4424 non
2647 4381 2909 4446 quoque
2947 4359 3268 4443 judicium
3308 4359 3709 4445 impediunt,
3764 4363 3946 4425 inter
3987 4380 4138 4448 quas

1031 4488 1250 4539 tamen
1314 4491 1396 4533 ex
1455 4468 1837 4544 Domitilla,
1907 4463 2027 4527 sed
2093 4486 2177 4528 ex
2243 4462 2530 4527 Caenide
2645 4461 3304 4549 memoranda,vquod
3331 4462 3580 4527 facies
3559 4486 3627 4526 ιιι
3657 4465 3872 4528 numis
3899 4486 4141 4553 propo-

2729 4718 2799 4792 d)
2840 4718 2900 4774 in
2937 4718 3157 4779 Domit.
3198 4737 3251 4779 c.
3286 4731 3370 4782 15.
3555 4721 3618 4792 e)
3659 4719 3844 4779 instit,
3887 4732 4036 4778 orat.
4077 4720 4131 4774 iu

1107 4731 1171 4799 a)
1212 4725 1252 4781 1.
1293 4745 1346 4783 c.
1430 4748 1443 4755 ·
1520 4720 1687 4793 hyin
1723 4724 1974 4796 Vespas.
2006 4739 2058 4780 c.
2085 4734 2136 4786 5.
2316 4722 2379 4793 c)
2413 4719 2452 4778 l.
2495 4739 2545 4778 c.
2591 4698 2600 4705 ’

1032 4836 1299 4895 prooem.
1333 4814 1410 4871 ad
1445 4812 1513 4875 L.
1548 4812 1652 4871 IV.

2659 3258 2767 3300 ree
2788 3239 3021 3320 palam
3040 3240 3524 3329 destinaverat,
3554 3251 3623 3303 et
3649 3240 3908 3304 abolito
3937 3245 4156 3327 priore
4179 3276 4187 3284 ·

4399 4006 4423 4247 4⁴*

4415 4498 4423 4591 ..—
