4509 5584
1047 580 1141 651 52

1040 737 1311 820 dempto
1367 748 1647 809 numero
1704 727 1900 794 facile
1958 741 2061 794 est
2117 748 2201 794 ex
2264 728 2538 795 denario

1039 838 1235 903 obvio
1271 835 1495 899 facere
1531 854 1772 898 rarum.

1164 937 1368 1003 LEG.
1414 936 1613 1005 XXV·
1662 935 1973 1000 hactenus
2012 935 2126 998 uni
2164 955 2236 1000 se
2267 933 2536 1000 Gottaio

1035 1040 1328 1105 indulsit.

1161 1142 1362 1206 LEG.
1397 1132 1635 1209 XXVI.
1689 1140 1969 1211 Vnicum
2020 1141 2196 1204 huuc
2229 1159 2499 1203 numum
2513 1172 2562 1233 ⁹⁶.

1033 1260 1101 1311 et
1167 1243 1415 1308 fraudis
1497 1241 1868 1327 suspicione
1941 1243 2225 1307 liberum
2283 1243 2548 1326 primus

1016 1347 1323 1433 -vulgavit
1370 1343 1668 1408 Rbollins
1718 1365 1801 1407 ex
1853 1367 2081 1411 museo
2129 1345 2289 1409 olim
2334 1345 2533 1411 comi-

2142 496 2294 633 *u
2363 558 2999 636 ANTONIVS.

2651 730 2952 815 Appiano
2980 727 3372 794 Octavianus
3399 727 3665 795 biennio
3688 743 3836 817 post
3861 752 4149 817 pugnam

2650 833 3148 918 Philippensem
3194 831 3317 895 snb
3350 831 3552 918 signis
3585 833 3809 897 babuit
3843 833 4148 919 legiones

2650 936 2794 999 XL.
2846 934 3071 1020 plures
3114 931 3220 1019 ¹’)‚
3299 955 3427 1021 qua
3473 934 3710 1001 fiducia
3747 937 4147 1023 negabimus

2649 1037 2938 1101 Antonio
2998 1037 3363 1121 legionum,
3442 1058 3599 1124 quas
3659 1040 3844 1104 numi
3899 1060 4148 1106 memo-

2649 1153 2831 1219 rant,
2889 1139 3280 1205 numerum?
3342 1140 3660 1226 Legionis
3708 1144 3924 1224 XXX,
3986 1145 4145 1231 quin

2648 1255 2717 1307 et
2749 1243 3018 1310 XXXV.
3058 1242 3356 1307 meminit
3387 1245 3626 1309 Cicero
3658 1244 3728 1307 in
3774 1247 3972 1312 variis
4010 1248 4148 1326 suis

2649 1346 2981 1430 epistolis,
3025 1360 3094 1409 et
3129 1345 3542 1430 Philippicis,
3607 1366 3774 1432 quae
3810 1349 4142 1432 copiosius

1031 1451 1113 1513 tis
1158 1447 1441 1524 Ariosti,
1505 1467 1677 1511 nunc
1720 1448 2070 1514 Caesareo.
2155 1448 2531 1535 (Supplem.
2641 1463 2949 1512 enarrata
2995 1446 3155 1513 -vicle
3204 1448 3377 1533 apud
3418 1448 3811 1515 Pacisudum
3845 1453 3928 1531 ο).
3988 1450 4146 1547 Quo

1028 1553 1111 1619 ad
1142 1551 1338 1621 Vaill.
1377 1569 1441 1631 p.
1468 1549 1564 1630 b.)

1155 1652 1355 1716 LEG.
1391 1651 1659 1719 XXVII.
1691 1650 1915 1733 *Hujus
1950 1650 2116 1715 fides
2161 1654 2308 1719 solo
2348 1655 2533 1718 testi-

996 1758 1251 1823 'monio
1294 1753 1575 1830 Goltzii,
1642 1738 1735 1815 et'
1766 1756 1850 1818 cl.
1887 1754 2207 1819 Beauvais
2263 1756 2527 1836 nititur,

1028 1860 1145 1947 qui
1186 1860 1353 1922 banc
1400 1856 1737 1939 legionem
1784 1871 2043 1921 exstare
2082 1856 2360 1934 adserit,
2405 1860 2527 1923 sed

1026 1984 1162 2027 non
1197 1958 1492 2025 indicatis
1520 1958 1789 2023 stativis.
1834 1956 2135 2046 (Abrege'
2172 1982 2238 2044 p.
2262 1959 2399 2043 33.)

1140 2062 1358 2126 LEG.
1423 2063 1719 2130 xme.
1794 2074 1863 2125 et
1937 2056 2170 2124 xxlx.
2208 2061 2532 2127 mondum

1012 2186 1404 2242 emersere,
1448 2165 1574 2226 nisi
1613 2184 1697 2227 ex
1728 2163 1978 2228 Goltzii
2005 2161 2290 2230 officina.

1156 2267 1358 2333 LEG.
1390 2262 1591 2331 XXX.
1635 2287 1869 2329 numus
1912 2265 2216 2352 insignis,
2263 2280 2332 2331 et
2372 2265 2531 2332 fidei

1008 2369 1462 2446 indubitatae,
1546 2369 1657 2454 qui
1726 2367 1947 2451 multis
2020 2367 2151 2449 jam
2209 2350 2394 2432 annis
2460 2372 2529 2433 in

1029 2493 1259 2537 museo
1305 2490 1471 2536 com.
1505 2471 1750 2534 Ariosti
1794 2468 2210 2547 servabatur,
2252 2473 2527 2536 nuncin

1012 2578 1425 2640 Caesareum
1471 2573 1837 2636 translatus.
1913 2572 2157 2635 Serius·
2186 2574 2414 2636 similis
2453 2575 2527 2636 in

1010 2697 1256 2741 -museo
1302 2674 1559 2741 comitis
1604 2674 1909 2738 Roncalli
1954 2687 2263 2758 repertus
2299 2676 2527 2742 invita-

882 2778 922 2869 Ἰ
1024 2780 1120 2845 vit
1169 2779 1256 2846 cl.
1293 2777 1720 2854 Paciaudum,
1767 2790 1839 2840 ut
1880 2777 2252 2860 elegantem
2283 2778 2525 2844 disser-

1023 2883 1336 2947 tbtionem
1400 2880 1886 2955 conscriberet,
1949 2900 2140 2963 quam
2186 2883 2523 2947 Animad-

1023 2988 1359 3051 versiones
1391 2983 1844 3067 phc‘lologicas
1880 2981 2235 3067 inscripsit.
2303 2982 2529 3048 Alium

1025 3088 1181 3150 citat
1233 3106 1531 3165 museum
1579 3064 2266 3170 Lefroy‘anumfsupra
2311 3085 2531 3151 lauda·

1028 3205 1186 3253 tum.
1233 3187 1565 3274 Ignoravit
1588 3187 1752 3251 haec
1786 3180 2235 3266 etnsauvain,
2269 3188 2383 3273 qui
2417 3188 2530 3254 de-

1022 3291 1279 3356 narium
1315 3289 1597 3354 similem
1629 3302 1931 3373 tanquam
1967 3291 2230 3354 unicum
2267 3305 2527 3356 exstare

1025 3393 1095 3456 in
1122 3412 1351 3456 museo
1383 3393 1777 3473 Enneryano
1809 3390 2193 3481 adfirmavit.
2243 3394 2319 3476 (l.
2343 3396 2436 3478 c.)

1150 3497 1293 3557 Hac
1339 3494 1603 3577 legione
1646 3494 1847 3558 XXX.
1887 3492 2220 3577 posterior
2258 3495 2382 3558 alia
2417 3514 2522 3559 re·

1023 3613 1214 3683 perta
1266 3594 1555 3660 nondum
1609 3609 1728 3658 est.
1785 3596 2004 3681 Atque
2051 3616 2136 3660 ex
2171 3595 2522 3681 irrefraga-

1020 3698 1144 3762 bili
1191 3698 1320 3762 boc
1367 3716 1718 3761 numerum
1751 3697 2129 3762 testimonio
2165 3698 2519 3777 docemur„

1001 3801 1314 3885 ‚Antonio
1375 3798 1605 3863 saltem
1664 3812 1766 3863 tot
1825 3799 2125 3886 legiones
2184 3800 2516 3886 paruisse,

1027 3902 1207 3989 quod
1248 3901 1320 3964 bi
1365 3900 1620 3973 denarii
1661 3901 2061 3987 praedicant.
2135 3902 2389 3999 Quibus
2429 3904 2525 3966 ni·

1025 4006 1159 4072 mio
1222 4013 1447 4070 auctus
1487 4004 1596 4070 hic
1639 4026 1953 4070 numerus
1993 4006 2171 4072 visus
2228 4018 2367 4086 est,
2428 4004 2526 4070 ni·

1024 4112 1125 4176 xis
1175 4110 1585 4196 potissimum
1630 4109 1864 4175 Dionis
1911 4109 2243 4190 oratione,
2301 4112 2525 4196 Augu·

1025 4214 1109 4278 sti
1154 4226 1367 4280 aetate
1424 4213 1708 4299 quinque
1732 4226 1999 4278 *tantum
2040 4218 2123 4277 et*
2140 4212 2386 4299 -viginti
2430 4212 2527 4278 Le-

1028 4318 1260 4401 giones
1319 4316 1690 4382 constitisse
1756 4314 2154 4382 adfirmantis
2203 4317 2326 4400 ⁸),·
2363 4314 2521 4381 alio·

1021 4440 1173 4483 rum
1221 4419 1595 4485 testimonia
1637 4432 1975 4484 auctorum
2027 4433 2136 4484 aut
2161 4440 2297 4485 non
2344 4417 2527 4485 viclo·

1022 4536 1205 4598 runt,
1265 4535 1374 4585 aut
1428 4521 1829 4606 negligenda
1879 4520 2227 4589 (luxerunt.
2319 4524 2521 4591 'Peste

2411 4614 2450 4645 f

1104 4734 1167 4803 a)
1207 4731 1273 4791 L.
1298 4730 1418 4792 LV.
1450 4735 1496 4806 ᾗ.
1524 4744 1612 4796 23.

1025 4826 1087 4897 e)
1125 4822 1191 4879 L.
1216 4814 1534 4884 XXXVIII.
1566 4826 1615 4897 ς.
1636 4834 1724 4885 47.

1852 4731 1922 4807 b>
1962 4732 2108 4791 Bell.
2147 4734 2254 4793 civ.
2286 4688 2350 4791 L
2371 4731 2443 4793 V.
2477 4749 2526 4789 c.
2554 4742 2641 4796 53.

2650 1565 2950 1636 tempore
3000 1550 3082 1614 ad
3134 1552 3397 1615 Actium
3439 1552 3748 1635 pugnavit
3784 1555 4148 1631 Antonius,

2645 1667 2814 1717 teste
2841 1651 3198 1717 Plutarcho
3230 1654 3520 1718 in·litore
3553 1669 3802 1720 stetere
3838 1652 4145 1742 legiones

2643 1755 2852 1832 XIX„
2929 1753 3002 1817 in
3065 1755 3337 1820 navibus
3396 1756 3629 1841 viginti
3689 1759 3896 1821 millia
3935 1756 4143 1842 'pedi-

2646 1871 2802 1934 tum,
2838 1855 2968 1919 (luo
3004 1859 3508 1941 sagittariorum.
3552 1858 4143 1926 Adde-exercitum

2646 1960 3024 2024 Africanum
3065 1960 3316 2043 Scarpo
3355 1961 3810 2040 commissum,
3855 1976 3924 2031 et
3963 1982 4141 2047 spar-

2651 2083 2721 2125 sa
2776 2082 2901 2145 per
2956 2074 3052 2125 tot
3103 2061 3470 2146 provincias
3519 2064 3878 2147 praesidia,
3945 2079 4142 2150 atque

2648 2177 2787 2227 tum
2843 2160 3009 2227 aude
3068 2163 3355 2226 Antonio
3421 2164 3719 2249 legiones
3775 2168 3984 2235 XXX.
4027 2188 4142 2234 ne-

2648 2285 2828 2350 gare.
2905 2268 3185 2329 Tantum
3233 2267 3317 2329 ed
3371 2267 3966 2350 explicandosbos
4010 2270 4143 2332 An·

2645 2368 2810 2431 tonii
2854 2367 3158 2431 denarios
3207 2369 3359 2432 satis
3410 2384 3584 2446 esto,
3651 2392 3798 2433 nam
3842 2374 4001 2436 alias
4033 2390 4145 2438 eo·

2645 2491 2793 2532 rum
2853 2469 3099 2533 redibit
3160 2470 3440 2549 mentio,
3518 2492 3649 2556 quo
3709 2472 3861 2537 loco
3930 2488 4142 2541 totum
4209 2498 4214 2501 “

2645 2593 2993 2635 numorum
3027 2573 3546 2659 legionariorum
3576 2594 3812 2658 agmon
3843 2576 3911 2638 in
3942 2598 4142 2643 unum

2644 2692 2898 2758 cogam.
3479 2692 3482 2695 “

3382 2762 3421 2796 ¹}

3592 2806 3632 2844 st

2921 2879 3125 2944 ANT.
3172 2808 3395 2949 ZVG.
3459 2882 3726 2949 111V1R.
3787 2883 3869 2949 R.
3926 2885 4001 2953 P.
4061 2887 4140 2955 C.

2927 2983 3144 3046 Navis
3167 2986 3539 3066 praetoria·

2630 3081 3141 3153 CRORTIVM.
3161 3083 3900 3154 PRAETORIARVM.
3923 3090 4145 3170 Aqui·

2644 3187 2717 3248 la
2772 3188 3152 3270 legionario
3207 3189 3452 3253 monili
3489 3201 3734 3250 ornata
3774 3194 3956 3254 inter
4006 3193 4140 3256 duo

2643 3292 2841 3371 signa
2885 3288 3244 3353 militaria.
3307 3288 3468 3356 AV..
3511 3289 3840 3372 (Pellerin
3881 3292 4041 3357 Mel.
4086 3296 4138 3360 1.

2545 3440 2550 3453 ,
2642 3410 2709 3474 p.
2736 3391 2912 3474 165.)
2957 3391 3100 3453 AR.
3144 3392 3323 3474 (Mus
3352 3391 3575 3477 caes.)

2762 3494 2867 3556 De
2899 3491 3724 3577 cohortepraetoriabaec
3748 3496 3981 3583 Pomp.
4010 3498 4140 3564 Fe·

2635 3610 2771 3660 stus
2802 3593 2888 3679 d).
2926 3598 3278 3658 Praetoria
3311 3598 3548 3659 cohors
3582 3611 3684 3661 est
3712 3601 3920 3674 dicta,
3962 3603 4144 3682 quod

2634 3718 2678 3761 a
2708 3710 3023 3783 praetore
3054 3715 3187 3759 non
3229 3698 3628 3762 discedebat.
3688 3698 3915 3784 Scipio
3960 3707 4138 3767 enim

2641 3801 3031 3885 Africanus
3046 3799 3310 3882 primus
3321 3802 3787 3884 fortissz‘mum
3822 3822 4139 3884 quemque

2636 3884 2905 3984 delegit,
2939 3903 3057 3980 qui
3076 3900 3159 3962 ab
3176 3920 3252 3963 eo
3271 3902 3344 3963 ἰη
3357 3900 3532 3965 bello
3563 3924 3694 3967 non
3724 3905 4140 3969 discederent

2638 4017 2764 4071 etc.
2824 3986 3026 4066 Idem*
3044 4000 3407 4066 institutum
3443 4004 3691 4089 placuit
3726 4005 4138 4091 imperatori-

2636 4107 2794 4186 bus,
2853 4106 2966 4192 qui
3008 4125 3412 4174 successere.
3491 4109 3542 4171 1.
3577 4106 3819 4173 Caesar
3860 4123 4131 4176 auctore

2636 4210 2855 4273 Dione
2886 4209 2945 4292 e)
3000 4207 3321 4275 decimam
3376 4209 3711 4295 legionem
3786 4212 4134 4278 cohortem

2633 4311 3031 4398 praetoriam
3076 4310 3204 4375 sibi
3234 4310 3517 4396 delegit,
3575 4312 3753 4398 quod
3790 4316 4136 4382 confirmat

2638 4416 2787 4502 ipse
2821 4417 3063 4480 Caesar
3087 4415 3170 4477 in
3215 4413 3350 4478 suis
3380 4414 3916 4495 Commentariis,
3985 4436 4134 4484 suo·
4194 4472 4206 4484 .

2636 4541 2785 4584 rum
2809 4517 3126 4605 ignaviam
3151 4515 3428 4581 militum
3451 4517 3553 4583 his
3577 4519 3799 4585 verbis
3819 4520 4134 4604 perstrin-

2882 4730 2944 4802 ο)
2983 4726 3025 4786 l.
3059 4746 3109 4787 c.
3137 4738 3283 4786 sect.
3310 4739 3362 4796 5.
3608 4725 3676 4799 d)
3715 4726 3776 4783 in
3808 4726 4125 4787 Praetoria.
