4509 5584
1012 468 1133 614 εξ
1462 509 1468 515 ’
2138 472 2893 607 'M.BRvTvs

1022 697 1201 766 Haec
1231 699 1298 762 in
1335 718 1583 784 genere
1620 697 1702 763 ad
1738 695 2103 783 descriptos
2138 696 2247 763 hic
2278 686 2511 777 numos

1015 804 1211 869 fuere
1256 799 1693 891 observanda,
1749 799 2215 865 descendamus
2260 800 2344 865 ad
2386 802 2524 909 sin-¹

1017 907 1230 992 gulos.

1080 1030 1087 1037 ·
1144 1010 1394 1072 Numus
1453 1003 1640 1090 prior
1696 1003 1850 1068 hinc
1909 1017 2102 1089 caput
2158 1005 2239 1070 L.
2284 1004 2508 1084 Bruti,

1014 1110 1170 1177 iude
1210 1109 1458 1173 Ahalae
1503 1104 1734 1182 offert,
1779 1127 1945 1192 quae
1988 1106 2127 1190 ipsa
2172 1106 2509 1192 utriusque

1021 1212 1245 1297 capitis
1289 1210 1563 1274 societas
1604 1226 1836 1271 numos
1876 1210 1997 1272 bos
2030 1207 2184 1272 huic
2220 1208 2313 1274 M„
2345 1211 2512 1272 Bru-

1017 1326 1087 1377 to
1143 1313 1385 1377 invicte
1441 1308 1745 1375 vindicat.
1790 1311 2026 1387 ··Nam,
2091 1321 2164 1369 ut
2219 1329 2345 1392 per
2402 1330 2511 1391 pa-

1015 1429 1187 1480 trem
1228 1413 1312 1478 ad
1346 1414 1427 1478 L.
1457 1412 1735 1474 Brutum
1776 1396 1982 1495 genus
2021 1410 2206 1472 suum
2247 1410 2509 1474 referre

1003 1502 1449 1589 credebatur,
1510 1511 1600 1576 ita
1652 1531 1777 1593 per
1831 1524 2104 1574 matrem
2162 1511 2511 1577 Serviliam

1018 1616 1371 1682 Servilium
1431 1613 1708 1676 Ahalam
1767 1612 1835 1673 in
1897 1613 2099 1676 certis
2160 1612 2513 1696 majoribus

1016 1717 1280 1795 habuit,
1340 1716 1451 1799 qui
1505 1729 1573 1780 et
1626 1717 1768 1807 ipse
1823 1713 1937 1799 Sp.
1982 1713 2260 1776 Melium
2301 1728 2516 1796 tyran-

1014 1819 1240 1883 nidem
1283 1816 1715 1880 adfectantem
1761 1814 2027 1898 propria
2074 1837 2269 1879 manu
2314 1816 2515 1881 intera

1016 1920 1196 1984 fecit.
1232 1918 1406 1988 Vide
1434 1919 1855 1981 Plutarchum
1887 1920 1966 1999 ⁸).
2008 1910 2361 1981 Praeclare
2398 1908 2550 1980 nn-'

1017 2044 1197 2085 mum
1239 2022 1413 2085 hunc
1456 2020 1739 2103 explicat
1773 2020 2011 2082 Cicero
2053 2018 2273 2082 verbis
2317 2040 2513 2102 supra

1016 2122 1325 2186 laudatis=
1390 2121 1642 2185 Brutos
1689 2141 1810 2203 ego
1861 2121 2299 2203 impellerem,
2360 2141 2517 2200 quo·

1001 2247 1169 2288 mm
1217 2237 1487 2305 uterque
1533 2223 1616 2289 L.
1645 2223 1853 2285 Bruti
1893 2222 2257 2302 imaginem
2302 2224 2518 2302 quoti·

1020 2328 1129 2389 die
1154 2326 1445 2401 videret,
1485 2324 1658 2388 alter
1688 2320 1977 2406 (Marcus
2012 2321 2271 2403 noster)
2308 2325 2516 2386 etiam

1032 2426 1357 2489 Ahalae?
1860 2434 1865 2441 ⁴

1004 2528 1009 2534 ’
1150 2527 1399 2588 Numus
1451 2526 1620 2589 alter
1662 2523 2016 2610 imaginem
2057 2526 2297 2589 iterum
2340 2538 2521 2590 vete-

1022 2628 1118 2690 ris
1159 2626 1353 2712 hujus
1386 2626 1575 2688 Bruti
1614 2625 1973 2710 adscripto:
2019 2629 2098 2691 L.
2135 2628 2514 2696 BRVTVS.

1020 2731 1262 2790 PRIM.
1310 2726 1537 2804 COS„
1578 2741 1670 2789 ‚et
1721 2727 1951 2791 tertius
2011 2728 2307 2812 ejusdem
2366 2748 2520 2812 pro·

1025 2852 1283 2894 cessum
1339 2829 1752 2894 consularem
1808 2829 1995 2894 sistit.
2064 2833 2362 2916 Vterque
2424 2843 2521 2913 ty.-

1022 2948 1146 3016 pus
1187 2930 1267 2995 ad
1306 2944 1722 3017 praesentem
1757 2929 1926 3016 reip.
1961 2944 2196 2995 statum
2233 2930 2520 3013 adludit3

1023 3053 1307 3117 namque
1342 3046 1415 3095 ut
1446 3035 1526 3098 L.
1558 3035 1801 3097 Brutus
1830 3033 2035 3117 pulsis
2068 3034 2339 3119 regibus
2376 3035 2517 3118 ipse

1024 3137 1330 3197 PRtMus
1372 3133 1667 3198 COnSul
1703 3135 1858 3212 fuit,
1916 3155 2194 3221 cumque
2239 3136 2520 3200 consuli-

1024 3237 1147 3299 bus
1208 3235 1585 3298 libertatem
1645 3234 1929 3313 invexit,
1993 3237 2082 3299 ita
2139 3241 2232 3302 M.
2274 3240 2519 3301 Brutus

1028 3357 1222 3401 caeso
1267 3336 1927 3400 dictatoreveterem
1982 3335 2363 3420 dignitatem
2417 3357 2522 3401 re-

1031 3438 1273 3516 stituit,
1318 3451 1387 3500 et
1426 3460 1554 3499 una
1597 3436 1763 3520 reip.
1800 3436 2203 3516 libertatem,
2247 3460 2413 3523 quae
2452 3439 2523 3500 in
2551 3428 2564 3437 ’

1028 3542 1108 3604 11.
1151 3560 1351 3602 numo
1395 3552 1551 3623 typo
1594 3559 1878 3603 coronae
1923 3560 2250 3625 quernae,
2294 3541 2361 3603 in
2405 3542 2517 3606 ΠΙ.

1025 3645 1172 3727 ipso
1231 3641 1452 3725 capite
1494 3640 1851 3704 Libertatis
1903 3640 2246 3708 indicatur.
2322 3644 2522 3706 Prae-

1032 3744 1211 3808 clare
1254 3765 1521 3805 numum
1581 3744 1752 3806 huuc
1805 3742 2088 3806 illustrat
2132 3744 2519 3821 Suetonius,

1032 3845 1145 3931 qui
1187 3844 1495 3930 perhibet
1528 3843 1629 3926 l’)‚
1675 3844 1841 3908 hanc
1885 3845 2247 3910 orationem
2294 3838 2521 3911 Caesa·

1034 3947 1131 4009 ris·
1183 3960 1433 4010 statuae
1487 3946 1689 4010 fnisse
1745 3945 2156 4031 inscriptam:
2228 3947 2520 4023 Brutus,

1030 4053 1193 4130 quia
1225 4068 1415 4131 reges
1448 4050 1678 4128 ejecit,
1726 4050 1965 4112 consul
1993 4052 2257 4131 primus
2277 4050 2523 4132 factus

1029 4164 1167 4231 σείς
1222 4151 1339 4213 hic
1388 4151 1693 4215 consules
1744 4151 1972 4231 ejecit,
2024 4168 2149 4213 rex
2187 4163 2522 4233 postremo

1009 4257 1256 4336 sactus
1296 4264 1417 4314 est.

1160 4351 1344 4415 Idem
1388 4373 1627 4415 numus
1665 4351 1836 4417 al'ter
1872 4352 2083 4417 nostri
2124 4371 2385 4438 qnoque
2427 4354 2522 4420 M.

2627 699 2711 765 de
2755 698 3183 766 macilentam.
3245 700 3334 764 Et
3376 701 3488 765 tali
3530 700 3730 767 fuisse
3774 721 3925 767 eum
3968 722 4113 768 cor·
4168 686 4188 702 “

2626 803 2807 886 poris
2885 801 3144 880 habitu,
3239 802 3440 888 ipsius
3519 805 3812 870 Caesaris
3892 806 4112 870 verbis

2623 906 3082 987 comperimus.
3153 904 3318 967 Nam
3374 925 3520 969 cum
3566 907 3649 972 ad
3689 928 3841 972 eum
3895 906 4114 973 defer·

2621 1018 2855 1069 rentur
2912 1008 3006 1071 Μ.
3052 1005 3411 1085 Antonius,
3477 1022 3546 1071 et
3596 1009 3980 1087 Dolabella,
4040 1023 4113 1072 ut

2624 1107 2738 1193 qui
2788 1104 2988 1172 rebus
3039 1094 3654 1187 novis‘studerent,
3713 1111 3994 1195 negabat
4036 1110 4115 1175 ti·
4173 1114 4188 1122 ’

2623 1229 2809 1273 mere
2855 1200 3003 1272 sese
3047 1206 3284 1272 obesos
3319 1209 3505 1287 illos,
3550 1223 3616 1273 et
3649 1211 3952 1290 crinitos,
3995 1210 4115 1277 sed

2622 1310 2902 1396 pallidos
2978 1310 3135 1389 hos,
3215 1324 3283 1374 et
3348 1311 3763 1389 macilentos,
3837 1313 4115 1376 Brutum

2626 1425 2695 1478 et
2753 1412 3043 1476 Cassium
3110 1424 3342 1476 notans
3390 1414 3471 1493 0).
3555 1413 3837 1476 Barbam
3912 1414 4117 1477 modi·

2627 1533 2768 1577 cam
2829 1511 3176 1597 adpendit,
3245 1511 3550 1576 nimirum
3616 1530 3889 1599 propter
3947 1516 4113 1600 reip.

2585 1614 3058 1699 'calamitatem
3110 1612 3379 1691 sordes,
3442 1629 3509 1677 et
3554 1617 3927 1701 squalorem
3967 1639 4121 1702 pro·

2627 1714 2881 1791 fessus,
2928 1714 3010 1778 de
3056 1735 3187 1803 quo
3232 1735 3419 1779 more
3462 1717 3651 1799 plura
3695 1717 4009 1781 disseram
4051 1719 4122 1780 in

2629 1829 2890 1880 moneta
2947 1815 3227 1900 Augusti
3287 1814 3369 1878 ad
3428 1837 3664 1879 annum
3715 1819 3806 1886 V.
3853 1818 3927 1883 C.
3970 1841 4120 1901 7¹7·

2630 1921 2941 1982 Ceterum
3004 1917 3244 1980 mirum
3306 1916 3642 1998 videatur,
3719 1918 3859 2000 ejus
3930 1931 4125 2004 caput

2627 2022 2879 2083 illatum
2921 2033 3256 2097 monetae,
3301 2019 3414 2104 qui
3447 2018 3765 2082 libertatis
3802 2022 4125 2085 sese-vin·

2632 2120 2846 2185 dicem
2905 2122 3241 2206 propalam
3294 2119 3604 2207 ferebat,
3648 2119 3905 2204 quando
3948 2121 4124 2183 istud

2627 2223 2842 2287 libera
2874 2244 3019 2305 rep.
3053 2243 3381 2307 nunquam
3415 2222 3539 2283 fuit
3566 2223 3989 2305 permissum,
4033 2235 4125 2286 at·

2633 2343 2760 2408 que
2819 2324 2992 2387 istud
3050 2322 3314 2386 demum
3359 2326 3408 2388 1.
3457 2324 3721 2386 Caesari
3776 2324 3952 2388 inter
4005 2318 4125 2385 im·-

2635 2425 2929 2488 modicos
2990 2426 3154 2488 alios
3214 2438 3564 2508 congestos
3624 2426 3939 2491 honores.
4011 2426 4126 2490 Vi·

2636 2527 2782 2591 deri
2826 2539 3077 2610 posset,
3121 2526 3537 2614 imprudente
3582 2526 3754 2588 istud
3785 2529 3992 2592 Bruto
4035 2539 4128 2589 at-

2635 2642 2951 2692 tentatum
3004 2625 3083 2688 ab
3140 2628 3279 2710 ejus
3338 2628 3603 2713 legatis,
3665 2648 3944 2713 quorum
3989 2628 4129 2712 ple-

2635 2751 2913 2815 rumque
2957 2729 3218 2793 nomina
3271 2731 3410 2813 ejus
3467 2743 3771 2792 monetae
3815 2729 4128 2812 inscripta

2635 2833 2964 2916 leguntur.
3019 2833 3108 2892 At
3142 2829 3198 2893 si
3232 2828 3397 2894 fides
3429 2830 3660 2906 Dioni,
3708 2830 3891 2913 cujus
3923 2830 4127 2897 verba

2635 2932 2802 2995 infra
2845 2931 3170 3009 recitahO,
3213 2932 3452 2995 factum
3496 2930 3669 2995 istud
3704 2931 4006 3010 volente,
4048 2952 4123 2996 ac

2634 3033 3081 3120 praecipiente
3119 3034 3349 3099 Bruto.

2762 3138 3149 3224 IMPerator
3180 3135 3248 3197 in
3288 3133 3524 3198 eodem
3558 3134 3860 3213 denario,
3898 3146 3968 3198 et
3998 3136 4129 3198 fre-

2640 3251 2918 3323 quenter
2975 3236 3129 3299 alias
3186 3235 3586 3302 inscribitur.
3660 3238 3822 3318 Ejus
3873 3240 4127 3322 accepti

2639 3339 2809 3402 tituli
2871 3352 2938 3402 et
3000 3351 3290 3420 tempus,
3368 3352 3438 3402 et
3507 3359 3766 3403 cansam
3837 3338 4129 3423 prodidit

2637 3442 2767 3503 Dio
2797 3438 2896 3521 d),
2936 3437 3241 3500 nimirum
3270 3440 3341 3501 in
3376 3440 3663 3505 Thracas
3697 3444 3937 3505 Bessos
3971 3462 4125 3505 eum

2636 3541 3039 3627 profectum,
3074 3562 3224 3624 etim
3253 3555 3332 3604 ut
3361 3564 3585 3606 eorum
3619 3543 3951 3627 maleficia
3988 3547 4127 3607 vin-

2636 3647 2929 3719 dicaret,
2975 3655 3117 3707 tum
3152 3656 3232 3705 ut
3266 3664 3501 3707 nomen
3539 3646 3672 3709 sibi
3703 3647 4133 3728 dignitatem·

2637 3765 2760 3825 que
2810 3730 3226 3828 imperatoris
3278 3761 3595 3830 pararet,
3664 3765 3796 3828 quo
3834 3746 4133 3829 facilius

2632 3859 2869 3909 contra
2920 3849 3269 3909 Caesarem
3322 3858 3392 3910 et
3439 3848 3822 3913 Antonium
3884 3848 4131 3911 bellum

2629 3969 2861 4030 gerere
2908 3960 3166 4029 posset,
3221 3960 3290 4010 et
3349 3961 3701 4027 utrumque
3753 3952 4132 4036 perfecisse.

2639 4047 3012 4112 Secundum
3075 4049 3504 4113 Plutarchum
3565 4052 3728 4134 ipse·
3782 4072 3907 4114 una
3981 4071 4130 4113 cum

2639 4149 2864 4214 Cassio
2897 4149 3068 4241 apud
3101 4151 3341 4215 Sardes
3372 4151 3453 4215 ab
3489 4151 3787 4216 exercitu
3823 4152 4133 4216 acclama-

2638 4266 2742 4316 tus
2788 4266 2890 4316 est
2922 4252 3282 4337 imperator
3312 4254 3394 4334 e).
3503 4304 3510 4311 .

2762 4356 2992 4420 Restat
3022 4376 3257 4418 numus
3288 4355 3400 4422 KV.
3420 4398 3440 4430 ,
3484 4352 3675 4435 cuius
3707 4352 3975 4438 generis
4002 4376 4135 4418 ma-

1033 4453 1223 4517 Bruti
1279 4453 1633 4538 imaginem
1688 4452 1989 4533 exhibet,
2060 4476 2337 4539 eamque
2390 4456 2526 4520 val-
2640 4478 2765 4542 gna
2821 4471 3123 4542 superest
3179 4455 3398 4541 copia,
3460 4456 3555 4518 sic
3610 4469 3861 4534 tamen,
3921 4469 3993 4520 ut
4033 4478 4129 4520 ar-

1099 4678 1164 4747 a.)
1203 4678 1270 4734 Iu
1302 4676 1483 4735 Bruto
1515 4676 1626 4736 sub
1659 4679 1793 4738 init..

1024 4768 1091 4840 εἷ’)
1131 4768 1196 4826 1..
1226 4767 1459 4827 XLVII.
1492 4787 1549 4825 c.
1571 4780 1669 4831 25.
1883 4771 1948 4844 e)
1987 4769 2053 4826 in
2073 4770 2255 4827 Bruto
2288 4789 2346 4827 c..
2371 4777 2460 4832 34-

2028 5066 2058 5089 S

2004 4677 2076 4753 b)
2114 4680 2177 4735 in
2209 4676 2465 4736 Caesare
2502 4696 2554 4737 c.
2587 4687 2684 4743 80.

2839 4714 2846 4722 -
2903 4683 2965 4753 c)
3001 4679 3153 4738 Plut.
3183 4681 3248 4737 in
3279 4658 3557 4739 Caeam.
3588 4681 3808 4742 Anton.
3841 4691 3900 4737 et
3930 4679 4132 4769 Bruto.
