4509 5584
1012 520 1157 589 202
1224 516 1228 520 ’

2036 477 2542 598 'nssvsvs
2612 502 3056 578 1vmou.

2170 811 2620 879 DRVSVS
2687 812 2940 882 TL-F:

1123 982 1326 1046 Natus
1373 978 1679 1057 Tiberio,
1732 990 1801 1044 et
1838 974 2147 1064 Vipsania
2187 980 2495 1066 Agrippi·

990 1106 1077 1148 na
1134 1106 1269 1149 non
1326 1084 1478 1148 satis
1530 1094 1717 1146 certo
1767 1083 1848 1150 V.
1895 1084 1968 1148 C.
2023 1103 2226 1162 auno,
2293 1097 2497 1146 matu·

994 1186 1286 1276 ratisque
1360 1184 1719 1248 honoribus
1791 1184 1873 1250 V.
1938 1184 2015 1251 C.
2089 1186 2220 1265 764
2299 1205 2496 1269 quae·

995 1301 1136 1351 stor
1178 1293 1274 1371 ⁸),
1324 1289 1450 1370 767
1500 1284 1731 1349 consul
1775 1283 2184 1369 designatus,
2230 1306 2307 1350 ao
2354 1299 2492 1349 tum

993 1389 1227 1453 missus
1288 1411 1324 1452 a
1373 1387 1647 1452 Tiberio
1707 1400 1894 1471 patre
1956 1389 2023 1449 in
2087 1387 2491 1451 Pannoniam

993 1491 1136 1576 ejus
1169 1492 1536 1556 exercitum
1568 1490 1862 1574 regionis
1900 1507 2173 1552 excessu
2209 1490 2489 1573 Augusti

872 1597 877 1602 ’
989 1594 1177 1659 novis
1214 1594 1414 1658 rebus
1447 1594 1819 1672 studentem
1850 1589 1934 1653 ad
1961 1589 2346 1678 obsequium
2383 1612 2492 1658 re-

989 1696 1249 1761 vocavit
1280 1695 1362 1776 ¹²).
1409 1696 1494 1765 V.
1526 1696 1598 1760 C.
1632 1695 1759 1776 768
1797 1690 2059 1769 consul,
2095 1692 2219 1775 773
2253 1694 2339 1757 ob
2374 1716 2486 1758 res

989 1791 1382 1861 Germaniae
1434 1797 1857 1879 compositae,
1909 1809 1978 1857 et
2014 1795 2337 1861 Vatinium
2382 1816 2483 1858 re·

918 1977 928 1990 ⁶
990 1921 1143 1984 gem
1180 1901 1413 1962 Suevis
1453 1876 1825 1983 impositum
1870 1917 2069 1959 ovans
2115 1894 2344 1957 urbem
2392 1897 2486 1958 in-

986 2013 1115 2063 trat
1157 2003 1240 2083 c),
1322 2003 1403 2068 V.
1438 2003 1516 2065 C.
1565 2013 1694 2085 774
1743 1999 1974 2063 consul
2023 1998 2297 2075 iterum,
2352 2000 2482 2080 775
2531 2012 2541 2022 '

912 2149 931 2155 -
984 2101 1139 2167 trib.
1176 2115 1561 2184 potestatem
1609 2126 1643 2166 a
1696 2115 1882 2186 patre
1925 2099 2159 2183 accipit
2181 2097 2289 2180 fl).
2351 2101 2485 2163 Ne·

986 2223 1117 2288 que
1170 2202 1280 2264 diu
1329 2218 1475 2285 post
1515 2205 1679 2269 haec
1728 2202 2052 2288 superfuit
2093 2213 2306 2266 aetate
2353 2221 2489 2265 me-

986 2304 1095 2368 dia
1160 2304 1538 2372 exstinctus.
1578 2349 1591 2356 -
1624 2308 1789 2369 Nam
1858 2304 2079 2388 Seiani
2150 2305 2484 2387 potentiae

984 2404 1298 2472 adversus
1347 2408 1489 2489 ejus
1537 2408 1730 2471 etiam
1773 2427 1846 2470 os
1886 2405 1952 2467 in
1991 2405 2211 2489 jurgio
2250 2404 2483 2469 verbe-

984 2522 1243 2575 raverat
1290 2511 1388 2591 1Β),
1468 2510 1581 2595 qui
1641 2508 1965 2574 vindictae
2026 2505 2336 2592 cupidus,
2406 2526 2481 2570 ae

984 2609 1113 2692 jam
1164 2608 1420 2693 pridem
1464 2612 1605 2693 ejus
1645 2610 1916 2675 caedem
1953 2606 2480 2673 animo'volvens

981 2711 1261 2775 oonsilio
1295 2731 1447 2776 eum
1484 2712 1673 2776 Livia
1714 2711 1915 2775 Drusi
1949 2732 2159 2776 uxore
2192 2729 2483 2774 commu·

982 2813 1222 2890 nicam,
1255 2835 1446 2897 quam
1481 2828 1666 2877 antea
1696 2812 1821 2875 sibi
1848 2811 2172 2876 adulterio
2203 2812 2485 2876 obstrin-

980 2928 1203 2992 xerat,
1261 2916 1343 2982 V.
1382 2916 1454 2979 C.
1489 2914 1615 2998 776
1658 2915 1755 2976 sui
1798 2934 2101 2978 securum
2142 2934 2400 2979 veneno
2440 2933 2479 2979 e

977 3017 1199 3080 medio
1237 3017 1412 3079 tollit
1457 3015 1531 3097 ί).
1596 3016 1830 3079 Scelus
1876 3030 2009 3078 tum
2048 3029 2325 3099 propter
2363 3016 2482 3079 Se·-

976 3118 1110 3201 jani
1139 3133 1382 3181 metum
1417 3132 1824 3199 coopertum,
1856 3117 1983 3181 hoe
2017 3116 2277 3180 tandem
2303 3119 2382 3186 V.
2401 3119 2476 3181 C.

977 3220 1105 3301 784
1160 3239 1352 3282 caeso
1412 3220 1743 3300 vulgatum
1805 3232 1906 3282 est
1971 3217 2255 3284 faciente
2311 3218 2479 3281 indi-

976 3320 1152 3385 cium
1206 3321 1475 3404 Apicata
1528 3320 1750 3403 Sejani
1808 3340 2050 3397 uxore,
2105 3342 2273 3407 quae
2324 3341 2477 3385 cum

979 3442 1133 3486 suos
1168 3442 1427 3507 quoque
1468 3443 1550 3485 ex
1580 3422 1707 3485 boe
1744 3421 1991 3485 liberos
2028 3436 2336 3505 paternae
2373 3444 2479 3487 ca·

977 3525 1250 3588 lumitati
1283 3523 1610 3587 involutos
1648 3524 1938 3602 videret,
1981 3524 2213 3602 dolore
2250 3546 2474 3589 amens

978 3626 1181 3689 misso
1217 3625 1298 3689 ad
1322 3626 1673 3704 ,Tiberium
1713 3626 1945 3690 libello
1985 3640 2289 3690 auctores
2324 3625 2477 3710 pro·

977 3727 1172 3804 didit,
1212 3746 1417 3811 seque
1449 3748 1599 3790 mox
1630 3728 1833 3814 ipsam
1871 3727 2160 3791 iteremit
2189 3731 2276 3809 g).
2317 3729 2473 3791 Fuit

2593 975 2777 1048 ,adeo
2835 980 2978 1065 ejus
3035 979 3205 1046 fama
3258 981 3552 1070 vulgata,
3624 997 3700 1051 ut
3747 989 4105 1058 acutissimi

2610 1081 2852 1166 quique
2916 1082 3117 1167 gladii
3174 1085 3512 1150 Drusiani
3564 1105 3963 1156 vocarentur
4005 1091 4102 1175 ¹¹).

2608 1184 3061 1262 Temulentia,
3118 1198 3187 1248 et
3226 1187 3495 1270 potandi
3535 1189 3808 1257 libidine
3846 1206 4098 1275 patrem

2606 1288 2926 1372 aequavit,
2955 1284 3229 1373 reliquis
3260 1290 3558 1354 omnibus
3588 1293 3791 1358 rebus
3817 1294 4103 1359 inferior

2601 1388 2861 1452 habitus
2901 1387 2976 1471 1).
3020 1391 3194 1453 Eum
3227 1390 3491 1476 publice
3525 1393 3899 1461 funeratum
3936 1396 4103 1461 dixit

2603 1490 3032 1556 Cassiodorus
3059 1495 3161 1575 ¹²¹).

2725 1594 2803 1655 ln
2833 1593 3045 1656 numis
3084 1605 3331 1658 tautum
3363 1593 3603 1660 dieitur
3630 1597 3901 1664 Drusus
3939 1601 4103 1666 eae-

2600 1714 2747 1772 ων,
2798 1708 2862 1758 at
2899 1695 3114 1759 omnia
3154 1697 3294 1780 ejus
3331 1695 3594 1760 nomina
3633 1701 4096 1786 complectitur

2601 1818 2892 1860 marmor
2921 1797 3091 1882 apud
3130 1798 3571 1862 Chaudlerum
3603 1803 3700 1879 ¹¹),
3738 1803 3918 1884 quod
3946 1823 4100 1878 eum

2599 1914 2792 1966 vocat
2840 1896 3252 1964 NEPQNA
3300 1894 3803 1964 ΚΛΑΤΔΙΟΝ
3849 1900 4095 1965 TIBE-

2600 1994 2818 2063 PtoT
2857 1995 3088 2063 TION
3125 1995 3434 2064 ΔΡΟΤΣ
3443 1997 3588 2064 ΟΝ.

2726 2100 2913 2169 onr
2948 2102 3186 2179 Livia,
3241 2115 3309 2167 et
3350 2095 3722 2186 promiscue
3763 2124 3809 2167 a
3857 2107 4094 2170 vetari-

2599 2201 2721 2266 bus
2767 2201 2939 2267 dicta
2987 2204 3284 2283 Liuilla,
3339 2205 3476 2288 Caji
3528 2205 3825 2269 Caesaris
3866 2205 4093 2284 vidua,

2600 2305 2730 2368 filia
2775 2305 2979 2367 Drusi
3021 2306 3338 2382 senioris,
3384 2318 3452 2369 et
3493 2306 3855 2385 Antoniae,
3897 2327 4093 2372 soror

2597 2407 3005 2485 Germanici,
3065 2420 3133 2470 et
3175 2405 3462 2484 Claudii,
3523 2408 3762 2471 mulier
3800 2408 4092 2473 libidinis

2599 2522 2969 2586 extremae,
3031 2521 3101 2571 et
3159 2508 3379 2592 Sejaui
3441 2509 3779 2573 adulteriis
3834 2524 4087 2595 pateus.

2595 2610 2934 2693 Pan-ticeps
3009 2610 3234 2697 eaedis
3311 2610 3528 2673 mariti
3608 2631 3685 2674 re
3767 2611 4088 2696 patefacta

2595 2711 2739 2776 aliis
2785 2712 3041 2775 Tiberii
3094 2711 3273 2796 jussu
3324 2724 3591 2788 necata,
3654 2711 3799 2776 aliis
3854 2712 4090 2778 tradita

2598 2814 2788 2877 matri
2850 2812 3205 2888 Antoniae,
3284 2826 3353 2875 et
3412 2813 3491 2876 ab
3550 2816 3671 2879 hac
3729 2813 3949 2880 inedia
4003 2813 4089 2879 ad

2595 2929 2877 2980 mortem
2948 2915 3171 2979 adacta
3242 2914 3546 2999 proditur
3597 2917 3683 2999 0).
3767 2918 3843 2978 Iu
3919 2937 4085 2981 mar-

2597 3038 2782 3081 more
2845 3017 3016 3100 apud
3075 3017 3392 3104 Sponium
3453 3017 3597 3098 ejus
3662 3017 3737 3079 fit
3795 3019 4080 3082 mentio:

2594 3120 3254 3184 CYRVS.·L1V1AE.
3292 3119 3580 3183 DRVSI.
3627 3117 3873 3186 CAES.
3925 3121 4086 3182 ms:-

2591 3221 2883 3296 DICVS,
2914 3242 3042 3305 quo
3072 3219 3337 3283 nomine
3369 3219 3648 3304 Sponius
3673 3241 3901 3305 parum
3928 3239 4088 3285 con-

2557 3323 2762 3396 ‚sulte
2818 3305 3103 3404 intelligi
3157 3321 3413 3388 Liviam
3466 3321 3746 3406 Augusti
3802 3309 4085 3388 uxorem¹

2589 3423 2870 3488 credidit
2897 3425 2962 3504 Ρ)

2715 3524 2978 3588 Liberi:
3034 3524 3368 3601 Uberius,
3411 3537 3481 3588 et
3521 3524 3602 3589 N.
3643 3527 3948 3611 gemelli,
3992 3526 4075 3590 de

2590 3626 2820 3711 quibus
2867 3626 3053 3689 infra.
3123 3628 3304 3690 Iulia
3358 3627 3744 3709 desponsata
3793 3627 4079 3712 primum
4171 3655 4180 3662 ·

2588 3728 2828 3810 Seiano
2869 3739 3039 3792 teste
3083 3728 3394 3805 Zonara,'
3424 3730 3542 3792 sed
3587 3742 3827 3794 eventu
3870 3731 4076 3794 caruit

976 3829 1088 3894 hie
1140 3830 1396 3891 Drusus
1451 3827 1632 3891 bello
1696 3827 1948 3893 habitus
2015 3829 2324 3908 idoneus,
2404 3844 2471 3895 at
2585 3828 3012 3913 propositum.
3089 3831 3303 3913 Nupta
3347 3830 3498 3893 dein
3541 3831 3627 3899 V.
3663 3833 3736 3894 C.
3779 3831 3905 3915 773
3946 3833 4078 3895 Ne-

975 3931 1172 3996 animi
1224 3929 1550 4006 fluxioris,
1608 3945 1677 3994 et
1726 3930 2119 3996 remissioris
2169 3933 2339 3996 vitae
2377 3930 2467 4013 ι1).

2583 3933 2732 3994 roni
2771 3930 3149 3995 Germanioi
3184 3931 3324 3992 filio
3353 3934 3455 4012 q),
3492 3932 3621 3998 hoo
3656 3954 3850 3999 caeso
3883 3937 4076 4000 mari·

973 4039 1114 4108 vili
1161 4037 1358 4103 etiam
1397 4033 1710 4117 sanguine
1758 4033 2081 4119 gaudebat
2124 4030 2208 4116 i),
2259 4054 2465 4118 usque
2581 4047 2718 4097 tum
2751 4048 2935 4098 nacta
2968 4049 3072 4098 est
3104 4033 3485 4098 Rubellium
3518 4035 3838 4099 Blandum
3876 4057 4075 4124 eque·

1046 4302 1113 4372 a)
1151 4302 1264 4357 Dio
1298 4300 1363 4356 L.
1385 4300 1533 4358 LVI.
1565 4299 1612 4371 §.
1632 4308 1721 4361 25.

973 4393 1045 4466 d)
1082 4393 1225 4449 Tac.
1254 4391 1406 4446 Anu.
1438 4390 1540 4447 111.
1572 4392 1659 4453 56.

978 4481 1143 4540 Suet.
1168 4480 1230 4537 in
1256 4479 1393 4536 Tib.
1429 4499 1480 4535 c.
1500 4483 1591 4542 62.

977 4574 1046 4643 k)
1083 4571 1197 4627 Dio
1226 4570 1289 4627 1..
1310 4570 1490 4628 Lvu.
1522 4571 1570 4640 ᾖ.
1596 4578 1678 4630 13.

975 4665 1046 4731 ιι)
1084 4660 1266 4717 luscr.
1302 4670 1423 4716 aut.
1453 4676 1514 4734 p.
1532 4669 1620 4720 52.
1654 4653 1858 4718 n.XV.

981 4753 1128 4815 dnn.
1153 4749 1263 4811 111.
1288 4759 1378 4822 29·
1414 4785 1419 4790 ·

1738 4478 1805 4554 g)
1840 4474 1955 4531 mo
1984 4459 2275 4534 1..'1.vn1.
2304 4478 2352 4548 §-
2376 4489 2457 4535 ιι.

1998 4293 2071 4368 b)
2109 4296 2250 4352 Tae.
2279 4297 2431 4353 Anu.
2462 4294 2504 4353 1.
2537 4305 2620 4358 14.
2652 4304 2774 4358 24.-

1860 4388 1924 4457 e)
1962 4377 2105 4443 Tae.
2137 4386 2292 4443 Anu.
2319 4386 2419 4446 lv.
2443 4398 2496 4452 3.

1826 4564 1877 4638 l)
1916 4566 2030 4623 Dio
2060 4562 2207 4622 ibid.
2242 4566 2294 4635 ᾗ.
2315 4574 2397 4626 14.
2437 4564 2586 4623 Plio.
2615 4564 2687 4619 ll.
2715 4562 2786 4621 N.
2819 4561 3056 4644 L.xtV.

2079 4654 2146 4729 o)
2182 4652 2301 4710 Dio
2327 4652 2618 4715 L.Lvn1.
2649 4656 2696 4724 §⁴
2727 4667 2810 4713 ιι.

3013 4301 3075 4371 c)
3113 4293 3256 4352 Tae.
3285 4296 3438 4352 Anu.
3466 4296 3568 4398 Ill.
3601 4309 3685 4371 ¹9.
3720 4308 3780 4355 et
3810 4249 3938 4357 in.
3975 4313 4066 4373 29.

2601 4474 2675 4547 ι.)
2690 4385 3126 4533 ’ἹΤἪ
3149 4384 3329 4536 ¹253:
3363 4395 3416 4449 ⁸·
3465 4386 4068 4548 3·;}.?21‚¹::3:.²}:

3201 4566 3288 4635 m)
3327 4566 3387 4621 ln
3420 4564 3641 4623 Chron.
3669 4562 3747 4622 ad
3775 4585 3913 4622 ann.
3940 4574 4065 4632 776.

3030 4653 3104 4728 p)
3144 4651 3308 4710 Uise.
3335 4671 3397 4729 p.
3421 4664 3540 4717 142.
3766 4658 3835 4734 q)
3873 4657 4062 4717 Tacit.
