4509 5584
1064 574 1206 652 516

1184 713 1557 801 Procedant
1593 745 1669 798 et·
1700 752 2039 797 marmora.

1182 843 1257 904 In
1288 840 1523 903 horum
1561 835 1784 913 nullo,
1829 835 2013 916 cujus
2046 835 2428 898 auctoritate
2461 835 2556 898 ni-

1054 946 1105 1007 ti
1138 942 1343 1029 possit
1391 938 1663 1004 historia
1712 935 1979 1013 critica,
2036 937 2403 1002 Hadrianus
2458 936 2556 999 di-

1052 1047 1227 1114 citur
1280 1046 1360 1109 P.
1405 1044 1481 1107 P.
1540 1054 1689 1106 ante
1754 1038 1907 1105 trib.
1957 1053 2349 1123 potestatem
2405 1041 2547 1104 ΧΠ.

1051 1150 1214 1232 Ejus
1245 1166 1437 1211 causa
1468 1142 1684 1209 videri
1716 1154 1935 1228 potest
1968 1142 2228 1227 insigne
2265 1161 2556 1207 marmor

1054 1251 1339 1337 positum
1383 1249 1452 1312 in
1496 1247 1636 1311 ΤΒ.
1668 1246 1746 1312 Ρ.
1784 1246 1903 1323 ΙΙ.,
1948 1244 2127 1330 quod
2163 1248 2422 1327 reliqua
2451 1268 2556 1310 ve-

1052 1368 1200 1418 tera
1258 1353 1515 1414 abolita
1555 1351 1722 1412 dicit
1774 1351 1852 1430 ²).
1948 1348 2270 1412 Columna
2321 1347 2554 1411 millia-

1050 1455 1150 1520 ria
1191 1453 1399 1539 posita
1433 1452 1502 1514 in
1546 1449 1778 1516 eadem
1806 1448 1961 1514 trib.
1996 1462 2321 1535 potestate
2360 1452 2441 1515 11.
2484 1447 2551 1533 b)

1052 1556 1254 1621 Aliud
1294 1555 1550 1619 illustre
1595 1554 1738 1618 ΤΒ.
1770 1554 1848 1619 Ρ.
1889 1553 2004 1630 V„
2057 1552 2127 1615 in
2159 1573 2292 1638 qno
2323 1552 2553 1638 legun-

1053 1673 1163 1724 tur
1194 1655 1461 1724 termini
1491 1655 1823 1739 pomoerii
1853 1655 2141 1718 restituti
2185 1657 2271 1739 ι3).
2347 1654 2552 1719 Aliud

1055 1771 1552 1825 monumentum
1629 1756 1965 1843 publicum
2034 1760 2179 1824 ΤΒ.
2264 1760 2340 1820 Ρ.
2398 1760 2550 1835 VL,

1053 1863 1125 1924 in
1170 1881 1301 1946 quo
1348 1859 1717 1926 Hadrianus
1767 1859 2019 1924 dicitur·
2051 1860 2222 1925 viam
2287 1860 2553 1924 Suessa-

1055 1964 1156 2028 nis
1204 1961 1638 2047 municipibus
1694 1984 1809 2027 sua
1846 1963 2128 2047 pecunia
2188 1963 2428 2027 fecisse
2460 1962 2548 2044 d).

1054 2068 1345 2152 Elegans
1431 2063 1650 2131 tabula
1734 2083 2103 2130 marmores
2200 2065 2548 2131 cardinalis

1054 2168 1365 2255 Carpinei
1433 2189 1585 2233 cum
1656 2168 1801 2235 ΤΒ.
1870 2169 1950 2235 Ρ.
1996 2167 2078 2229 X.
2129 2169 2192 2251 ο)
2297 2166 2551 2232 Tabula

1053 2289 1454 2347 marmorea,
1525 2270 1599 2333 in
1646 2291 1774 2356 qna
1833 2268 2202 2335 Hadrianus
2273 2270 2419 2336 ΤΒ.
2470 2269 2547 2332 Ρ.

1050 2375 1166 2439 XI.
1212 2371 1601 2457 perhibetur
1663 2374 1984 2456 templum
2052 2373 2222 2434 deae
2281 2371 2548 2454 Cuprae

1052 2472 1423 2538 restituisse
1464 2475 1540 2554 f).
1560 2499 1570 2507 ·
1588 2474 1953 2538 Praetereo
1981 2472 2358 2557 complures
2387 2471 2549 2557 lapi-

1053 2574 1174 2639 des
1209 2574 1377 2641 alios
1432 2573 1832 2653 concorden
1888 2597 2040 2639 nam
2100 2574 2362 2638 nonnisi
2411 2593 2549 2638 mo-

1054 2678 1381 2740 numentis
1404 2677 1683 2761 publicis
1711 2676 1895 2742 lubet
1923 2676 2309 2743 sententiam
2333 2695 2547 2740 meam

1053 2779 1368 2844 stabilire.

1181 2885 1269 2947 At
1325 2901 1491 2946 vero
1546 2894 1963 2946 monumenta
2023 2881 2325 2960 demum,
2377 2898 2545 2966 quae

1055 2985 1206 3050 trib.
1246 2997 1636 3069 potestatem
1669 2983 1810 3051 ΧΠ.
1860 2999 2259 3061 memorant,
2310 2983 2547 3061 omnia,

1055 3087 1235 3172 quod
1260 3085 1507 3163 norim,
1556 3085 1959 3150 Hadrianum
1987 3101 2249 3169 patrem
2277 3089 2552 3168 patriae

1054 3189 1390 3275 appellare
1416 3187 1754 3272 incipiunt,
1794 3190 1977 3273 cujus
2009 3208 2201 3254 causa
2235 3187 2441 3251 citare
2471 3183 2551 3247 li-

1052 3305 1199 3356 ceat
1233 3311 1428 3356 unam
1460 3290 1745 3354 tabulam
1778 3311 2071 3365 aeneam,
2100 3303 2176 3354 ut
2203 3289 2401 3372 aiunt,
2431 3288 2550 3352 ho-

1052 3408 1277 3459 nestae
1309 3390 1636 3457 missionis
1664 3393 1759 3474 8),
1810 3407 1883 3457 et
1920 3394 2333 3459 continuatur
2360 3390 2549 3455 scdu-

1054 3498 1123 3560 lo
1153 3495 1261 3561 hic
1287 3495 1514 3559 titulus
1544 3514 1668 3579 per
1694 3493 1988 3580 reliquos
2020 3495 2404 3571 tribunatus,
2443 3513 2553 3557 cu·

1039 3598 1154 3682 'jus
1208 3596 1511 3681 exempla
1553 3594 1861 3679 proferro
1899 3617 2035 3661 non
2082 3597 2349 3672 attinet,
2394 3615 2554 3679 quo-

1054 3698 1229 3760 niam
1274 3697 1403 3760 hoc
1444 3697 1611 3760 loco
1647 3697 1861 3761 solum
1906 3697 2158 3783 agitur,
2215 3717 2347 3783 quo
2378 3717 2550 3762 anno

1055 3797 1166 3860 hic
1195 3795 1424 3860 titulus
1452 3793 1605 3859 addi
1642 3798 1961 3882 coeperit.
2020 3800 2172 3862 Non
2204 3819 2312 3862 me
2345 3798 2549 3882 fugit,

1056 3919 1180 3984 per
1208 3897 1511 3977 Grates-i,
1554 3912 1628 3963 et
1654 3899 1999 3964 Muratorii
2032 3920 2196 3985 opus
2230 3921 2365 3964 non
2398 3921 2552 3986 pau·

1056 4024 1165 4069 eas
1215 4002 1459 4088 spargi
1481 4000 1941 4088 inscriptiones
1961 4046 1980 4079 ,
2037 4003 2107 4066 in
2155 4002 2389 4090 quibus
2421 4005 2552 4067 Ha·

1053 4106 1317 4172 drianus
1371 4106 1502 4190 jam
1547 4119 1697 4173 ante
1753 4105 1920 4171 hanc
1963 4106 2117 4174 trib.
2153 4120 2545 4193 potestatem

1051 4209 1200 4275 ΧΠ.
1272 4207 1479 4293 patris
1548 4207 1795 4294 patriae
1871 4209 2130 4275 honore
2221 4208 2544 4274 adficitur.

1051 4314 1142 4376 At
1186 4330 1352 4377 vero
1393 4312 1505 4397 qui
1541 4312 1656 4377 has
1708 4312 1781 4373 in
1830 4331 2106 4375 examen
2148 4331 2389 4376 vocare
2439 4330 2551 4375 vo·

1051 4415 1185 4491 let,
1243 4413 1701 4498 deprehendet
1739 4413 1973 4489 facile,
2033 4434 2252 4477 earum
2304 4413 2549 4477 nullam

1123 4646 1189 4716 a)
1230 4642 1401 4701 Grut.
1435 4663 1493 4720 p.
1513 4646 1584 4702 Χ.

1051 4735 1116 4805 e)
1155 4733 1195 4789 l.
1217 4751 1268 4791 c.
1298 4749 1437 4810 pag.
1458 4744 1578 4806 ²5⁸9·
1616 4750 1665 4793 ι.

1050 4845 1108 4882 n.
1140 4838 1184 4883 l.

1806 4645 1877 4716 b>
1920 4644 2093 4702 Grut.
2124 4663 2260 4722 pag.
2283 4654 2405 4707 154.
2435 4649 2488 4708 6.

1848 4733 1900 4808 s)
1940 4733 1979 4791 l.
2003 4754 2052 4793 c.
2084 4753 2217 4811 pag.
2244 4737 2399 4799 1016.
2432 4748 2481 4796 2.

2254 564 2981 640 HADRIANVS.

2668 734 2810 817 ejus
2856 752 3001 798 esse
3043 733 3478 813 auctoritatis,
3537 743 3732 819 quse‘
3758 740 3954 803 latam
3986 762 4027 804 a
4069 760 4183 803 me

2667 837 2889 921 legem
2936 836 3145 919 possit
3192 834 3590 923 infringere,
3650 853 3760 904 aut
3811 861 3966 905 cum
4020 841 4181 906 illu·

2667 938 2908 1002 stribus
2963 939 3402 1003 monumentis
3449 963 3488 1003 a
3537 962 3645 1005 me
3691 943 3995 1029 proximo
4037 943 4184 1008 lau·

2665 1040 2828 1104 datis
2863 1041 3204 1125 componi3
3261 1053 3457 1127 atque
3496 1042 3695 1107 etiam
3739 1059 3812 1110 ut
3839 1045 4017 1110 istud
4056 1044 4177 1112 do-

2667 1163 2846 1221 mus,
2904 1142 3049 1229 quis
3102 1142 3266 1221 erit,
3340 1143 3453 1229 qui
3503 1144 3835 1229 spondere
3897 1145 4171 1225 audeat,

2625 1287 2640 1296 -
2667 1244 2931 1308 additas·
2980 1245 3434 1330 epigrammati
3492 1261 3678 1311 notas
3746 1250 4175 1335 chronologi-

2667 1368 2775 1412 cas
2823 1348 2951 1411 rite
2989 1347 3192 1412 fuisse
3241 1362 3580 1432 exceptas,
3626 1349 3722 1414 sic
3758 1365 3827 1413 ut
3866 1373 3991 1436 pro
4021 1355 4170 1417 ΤΒ.

2666 1451 2740 1512 Ρ.
2779 1451 2922 1516 Vn.
2969 1469 3103 1511 non
3134 1451 3351 1534 potius
3393 1450 3753 1535 legendum
3793 1453 3878 1516 sit
3916 1456 4054 1517 ΤΒ.
4093 1458 4171 1516 Ρ.

2665 1553 2807 1617 XII.
2852 1566 2920 1650 et
2948 1550 3141 1619 COS.
3178 1554 3290 1617 111.
3338 1572 3462 1637 pro
3515 1553 3710 1619 COS.
3741 1556 3868 1620 113
3914 1557 4047 1619 Sed
4082 1557 4172 1623 dc

2667 1654 2867 1715 simili
2915 1654 3333 1739 vulgatorum
3389 1675 3790 1719 marmorum
3834 1661 4171 1742 perversi-

2630 1769 2799 1818 ·tate
2841 1754 2993 1821 vide
3047 1777 3215 1841 quse
3265 1756 3474 1820 multo
3515 1745 3709 1843 plura
3759 1760 4048 1826 monebo
4095 1762 4168 1824 in
4219 1837 4224 1840 v

2667 1869 2944 1922 tractatu
3013 1857 3099 1923 de
3171 1858 3516 1924 tribunicia
3586 1875 3933 1946 potestate.
4036 1865 4170 1929 Nc·

2667 1980 2985 2044 quaquam
3035 1959 3407 2039 dissimulo,
3487 1964 3736 2047 opponi
3797 1984 3994 2049 posse
4051 1986 4173 2029 nu·

2667 2082 2877 2139 mum,
2976 2061 3090 2147 qui
3154 2065 3530 2146 propositae
3598 2067 3874 2149 regulae
3956 2067 4170 2131 dicam

2661 2164 2996 2251 impingit,
3061 2187 3098 2228 a
3132 2164 3573 2230 Buonsrrotio
3614 2166 3866 2254 editum
3895 2164 3998 2250 Ι1),
4052 2171 4172 2255 qui

2662 2267 2810 2332 tslis
2843 2288 2993 2332 esse
3023 2266 3271 2332 fertura
3306 2268 3848 2336 mumma.
3881 2267 4163 2337 AVGV·

2667 2370 2908 2437 STVS.
2991 2372 3207 2453 Caput
3253 2371 3659 2437 laureatum.
3730 2366 3802 2438 Ξ.
3841 2371 4036 2438 008.
4085 2374 4169 2436 11.

2660 2473 2736 2535 P.
2771 2474 2846 2538 P.
2908 2472 3147 2556 Cybele
3186 2473 3538 2555 quadrc’gis
3569 2472 3836 2537 leonum
3871 2475 4169 2539 invectu.

2662 2572 2829 2637 Satis
2885 2587 3028 2638 esto
3091 2571 3650 2652 animadvertere,
3724 2574 3983 2639 nullum
4052 2597 4169 2638 nu-

2661 2696 2841 2739 mum
2903 2677 3277 2740 consulatus
3324 2676 3403 2741 11.
3456 2675 3772 2742 hactenus
3826 2678 4167 2765 cognitum

2664 2776 2912 2842 offerre
2945 2791 3371 2843 memoratam
3417 2776 3587 2843 hanc
3632 2780 3862 2864 capitis
3907 2782 4166 2867 epigra-

2661 2880 2840 2963 phen
2861 2925 2878 2957 ‚
2918 2894 3029 2945 aut
3074 2880 3269 2944 etiam
3307 2893 3500 2964 caput
3530 2883 3725 2965 qu'ale
3759 2882 4017 2967 pictura
4046 2906 4160 2948 ex·

2661 2979 2875 3060 hibet,
2935 2982 3089 3047 loco
3138 2996 3509 3067 protemes‚
3571 3005 3766 3069 qnam
3809 2986 3943 3050 hoc
3991 3005 4166 3051 anno

2659 3083 2864 3148 fuisse
2890 3083 2961 3147 in
2994 3106 3137 3162 usu,
3177 3086 3246 3147 iu
3277 3086 3770 3170 prolegomenis
3807 3085 3896 3152 ad
3922 3107 4161 3151 numos

2659 3189 3034 3254 consulatus
3085 3188 3196 3251 111.
3272 3187 3514 3253 affatim
3557 3187 3850 3273 probavi.
3936 3187 4164 3284 Quare

2662 3290 2730 3351 in
2783 3302 3127 3374 praesente
3170 3311 3372 3355 numo
3421 3304 3531 3356 aut
3568 3289 3930 3375 legendum
3973 3289 4166 3358 COS.

2665 3395 2777 3457 111.
2799 3437 2816 3468 ‚
2848 3392 3039 3456 antis
3068 3390 3454 3455 adulterinis
3480 3393 3962 3473 accensendus,
4007 3414 4168 3480 quo·

2664 3515 2812 3557 rum
2846 3492 3127 3558 artifices
3151 3492 3493 3559 subtiliora
3521 3494 3684 3559 haec
3718 3495 3990 3561 criteria
4017 3515 4166 3581 per·

2670 3609 2891 3680 specta
2929 3616 3062 3660 non
3095 3595 3409 3661 habuere.

2794 3696 2930 3761 Sed
3019 3711 3476 3783 argumentum
3569 3717 3657 3762 ex
3752 3699 4169 3768 validissimis

2666 3801 2922 3876 unum,'
2964 3799 3143 3884 quod
3201 3820 3284 3865 ex
3337 3785 3801 3864 Alexandrinis
3849 3801 4172 3866 Hadriani

2665 3903 2877 3965 numis
2909 3915 3097 3986 peto,
3139 3901 3271 3967 huc
3311 3902 3555 3969 distuli.
3631 3902 3802 3966 Sunt
3827 3903 3898 3966 in
3939 3925 4172 3969 museo

2667 4005 2991 4068 Caesareo
3049 4005 3233 4068 numi
3309 4003 3441 4069 duo
3498 4003 3693 4087 hujus
3765 4005 4026 4086 classis,
4101 4006 4174 4067 in

2661 4127 2939 4192 quorum
2972 4106 3215 4171 antica:
3289 4108 3506 4188 caput
3533 4121 3601 4169 ee
3640 4109 4004 4191 epigraphe
4033 4107 4172 4170 Ha-

2662 4212 2923 4284 drz'am',
2970 4209 3034 4288 in
3074 4208 3381 4274 adversa:
3431 4202 3788 4273 HATHP.
3837 4202 4172 4269 ΠΑΤΡΙ-

2669 4308 2862 4372 Δο0.
2929 4314 3122 4372 Duae
3157 4313 3431 4374 dextere
3451 4308 3763 4391 ‘junctae3
3819 4308 3893 4369 in
3929 4308 4168 4372 horum

2623 4426 2798 4475 'uno
2844 4410 3139 4475 additur:
3202 4409 3476 4488 L.--113.‚
3533 4411 3602 4472 in
3649 4411 3864 4475 altero
3924 4411 4004 4473 L.
4057 4405 4168 4472 11‘.

3548 4644 3616 4715 d)
3655 4643 3769 4703 l.c.
3802 4663 3939 4721 pag.
3963 4656 4082 4706 152.
4115 4656 4166 4708 3.

3401 4735 3470 4802 h)
3515 4734 3755 4790 Osset-v.
3791 4735 3950 4791 istor.
3985 4735 4106 4788 tab.
4129 4735 4166 4789 l.

2711 4649 2772 4718 c)
2813 4645 2925 4700 1.c.
2959 4664 3097 4721 pag.
3121 4656 3238 4718 198.
3277 4658 3320 4704 1.

2670 4739 2734 4809 g)
2777 4734 2813 4791 l.
2841 4754 2891 4792 c.
2927 4754 2983 4809 p.
3009 4746 3133 4798 575.
3163 4748 3213 4796 2.
