<?xml version="1.0" encoding="UTF-8"?>
<!DOCTYPE html PUBLIC "-//W3C//DTD XHTML 1.0 Transitional//EN"
    "http://www.w3.org/TR/xhtml1/DTD/xhtml1-transitional.dtd">
<html xmlns="http://www.w3.org/1999/xhtml" xml:lang="en" lang="en">
 <head>
  <title>
</title>
<meta http-equiv="Content-Type" content="text/html;charset=utf-8" />
  <meta name='ocr-system' content='tesseract 3.04.00' />
  <meta name='ocr-capabilities' content='ocr_page ocr_carea ocr_par ocr_line ocrx_word'/>
</head>
<body>
  <div class='ocr_page' id='page_1' title='image "./doctrinanumorum00unkngoog_0568.png"; bbox 0 0 4509 5584; ppageno 0'>
   <div class='ocr_carea' id='block_1_1' title="bbox 41 4236 45 4830">
    <p class='ocr_par' dir='ltr' id='par_1_1' title="bbox 41 4236 45 4830">
     <span class='ocr_line' id='line_1_1' title="bbox 41 4236 45 4830; baseline 0 0"><span class='ocrx_word' id='word_1_1' title='bbox 41 4236 45 4830; x_wconf 95' lang='lat' dir='ltr'><strong> </strong></span> 
     </span>
    </p>
   </div>
   <div class='ocr_carea' id='block_1_2' title="bbox 932 4851 945 4890">
    <p class='ocr_par' dir='ltr' id='par_1_2' title="bbox 932 4851 945 4890">
     <span class='ocr_line' id='line_1_2' title="bbox 932 4851 945 4890; baseline 0 0"><span class='ocrx_word' id='word_1_2' title='bbox 932 4851 945 4890; x_wconf 81' lang='grc' dir='ltr'><em>Ι</em></span> 
     </span>
    </p>
   </div>
   <div class='ocr_carea' id='block_1_3' title="bbox 1093 575 1239 644">
    <p class='ocr_par' dir='ltr' id='par_1_3' title="bbox 1093 575 1239 644">
     <span class='ocr_line' id='line_1_3' title="bbox 1093 575 1239 644; baseline -0.007 -1"><span class='ocrx_word' id='word_1_3' title='bbox 1093 575 1239 644; x_wconf 76' lang='lat'><strong>532</strong></span> 
     </span>
    </p>
   </div>
   <div class='ocr_carea' id='block_1_4' title="bbox 1826 729 1865 764">
    <p class='ocr_par' dir='ltr' id='par_1_4' title="bbox 1826 729 1865 764">
     <span class='ocr_line' id='line_1_4' title="bbox 1826 729 1865 764; baseline 0 0"><span class='ocrx_word' id='word_1_4' title='bbox 1826 729 1865 764; x_wconf 63' lang='lat' dir='ltr'><strong>v*</strong></span> 
     </span>
    </p>
   </div>
   <div class='ocr_carea' id='block_1_5' title="bbox 1082 823 2600 2549">
    <p class='ocr_par' dir='ltr' id='par_1_5' title="bbox 1082 823 2593 1323">
     <span class='ocr_line' id='line_1_5' title="bbox 1246 823 2593 896; baseline 0.004 -5"><span class='ocrx_word' id='word_1_5' title='bbox 1246 843 1256 850; x_wconf 85' lang='lat'><strong>·</strong></span> <span class='ocrx_word' id='word_1_6' title='bbox 1373 828 1459 892; x_wconf 86' lang='lat' dir='ltr'><strong>H.</strong></span> <span class='ocrx_word' id='word_1_7' title='bbox 1490 823 2593 896; x_wconf 79' lang='lat' dir='ltr'><strong>HATP10.ANT1NO0T.Ca-</strong></span> 
     </span>
     <span class='ocr_line' id='line_1_6' title="bbox 1368 934 2118 1022; baseline 0.003 -28"><span class='ocrx_word' id='word_1_8' title='bbox 1368 945 1500 1022; x_wconf 83' lang='lat' dir='ltr'><strong>put</strong></span> <span class='ocrx_word' id='word_1_9' title='bbox 1519 934 1818 996; x_wconf 81' lang='lat' dir='ltr'><strong>Antinoi</strong></span> <span class='ocrx_word' id='word_1_10' title='bbox 1852 935 2118 996; x_wconf 81' lang='lat' dir='ltr'><strong>nudum.</strong></span> 
     </span>
     <span class='ocr_line' id='line_1_7' title="bbox 1090 1029 2591 1119; baseline -0.001 -20"><span class='ocrx_word' id='word_1_11' title='bbox 1090 1031 1482 1100; x_wconf 83' lang='lat' dir='ltr'><strong>KOINON.</strong></span> <span class='ocrx_word' id='word_1_12' title='bbox 1502 1029 2036 1098; x_wconf 64' lang='lat' dir='ltr'><strong>BSIQTNIAC.</strong></span> <span class='ocrx_word' id='word_1_13' title='bbox 2086 1035 2418 1119; x_wconf 82' lang='lat' dir='ltr'><strong>Templum</strong></span> <span class='ocrx_word' id='word_1_14' title='bbox 2442 1047 2591 1099; x_wconf 85' lang='lat' dir='ltr'><strong>octo</strong></span> 
     </span>
     <span class='ocr_line' id='line_1_8' title="bbox 1088 1138 2595 1203; baseline -0.001 -2"><span class='ocrx_word' id='word_1_15' title='bbox 1088 1139 1597 1201; x_wconf 74' lang='lat' dir='ltr'><strong>columnarum.-</strong></span> <span class='ocrx_word' id='word_1_16' title='bbox 1664 1138 1806 1202; x_wconf 84' lang='grc' dir='ltr'><strong>ΔΕ.</strong></span> <span class='ocrx_word' id='word_1_17' title='bbox 1859 1158 1946 1202; x_wconf 81' lang='grc' dir='ltr'><strong>ιιι.</strong></span> <span class='ocrx_word' id='word_1_18' title='bbox 1992 1160 2084 1203; x_wconf 80' lang='grc' dir='ltr'><strong>ιιι.</strong></span> <span class='ocrx_word' id='word_1_19' title='bbox 2159 1151 2230 1201; x_wconf 86' lang='lat' dir='ltr'><strong>et</strong></span> <span class='ocrx_word' id='word_1_20' title='bbox 2288 1138 2595 1203; x_wconf 81' lang='lat' dir='ltr'><strong>AE.111.</strong></span> 
     </span>
     <span class='ocr_line' id='line_1_9' title="bbox 1082 1239 1777 1323; baseline -0.006 -19"><span class='ocrx_word' id='word_1_21' title='bbox 1082 1241 1318 1323; x_wconf 79' lang='lat' dir='ltr'><strong>(Vaill.</strong></span> <span class='ocrx_word' id='word_1_22' title='bbox 1353 1260 1518 1303; x_wconf 85' lang='lat' dir='ltr'><strong>mus.</strong></span> <span class='ocrx_word' id='word_1_23' title='bbox 1554 1239 1777 1320; x_wconf 85' lang='lat' dir='ltr'><strong>Caes.)</strong></span> 
     </span>
    </p>

    <p class='ocr_par' dir='ltr' id='par_1_6' title="bbox 1084 1341 2600 2144">
     <span class='ocr_line' id='line_1_10' title="bbox 1222 1341 2599 1426; baseline 0.002 -25"><span class='ocrx_word' id='word_1_24' title='bbox 1222 1341 1441 1405; x_wconf 86' lang='lat' dir='ltr'><strong>Patria</strong></span> <span class='ocrx_word' id='word_1_25' title='bbox 1488 1342 1793 1418; x_wconf 78' lang='lat' dir='ltr'><strong>Antinoi,</strong></span> <span class='ocrx_word' id='word_1_26' title='bbox 1865 1363 1901 1405; x_wconf 90' lang='lat' dir='ltr'><strong>a</strong></span> <span class='ocrx_word' id='word_1_27' title='bbox 1954 1362 2113 1426; x_wconf 80' lang='lat' dir='ltr'><strong>qua,</strong></span> <span class='ocrx_word' id='word_1_28' title='bbox 2188 1356 2260 1405; x_wconf 86' lang='lat' dir='ltr'><strong>ut</strong></span> <span class='ocrx_word' id='word_1_29' title='bbox 2321 1354 2599 1406; x_wconf 84' lang='lat' dir='ltr'><strong>testatur</strong></span> 
     </span>
     <span class='ocr_line' id='line_1_11' title="bbox 1090 1444 2600 1528; baseline 0.003 -23"><span class='ocrx_word' id='word_1_30' title='bbox 1090 1444 1439 1526; x_wconf 71' lang='lat' dir='ltr'><strong>inscriptio</strong></span> <span class='ocrx_word' id='word_1_31' title='bbox 1476 1444 1749 1521; x_wconf 86' lang='lat' dir='ltr'><strong>anticae,</strong></span> <span class='ocrx_word' id='word_1_32' title='bbox 1784 1444 1854 1507; x_wconf 87' lang='lat' dir='ltr'><strong>hi</strong></span> <span class='ocrx_word' id='word_1_33' title='bbox 1884 1445 2067 1506; x_wconf 89' lang='lat' dir='ltr'><strong>numi</strong></span> <span class='ocrx_word' id='word_1_34' title='bbox 2098 1444 2395 1528; x_wconf 86' lang='lat' dir='ltr'><strong>percussi</strong></span> <span class='ocrx_word' id='word_1_35' title='bbox 2425 1458 2600 1523; x_wconf 84' lang='lat' dir='ltr'><strong>sunt,</strong></span> 
     </span>
     <span class='ocr_line' id='line_1_12' title="bbox 1085 1545 2595 1631; baseline 0.001 -23"><span class='ocrx_word' id='word_1_36' title='bbox 1085 1547 1213 1609; x_wconf 73' lang='lat' dir='ltr'><strong>fuit</strong></span> <span class='ocrx_word' id='word_1_37' title='bbox 1255 1545 1597 1629; x_wconf 73' lang='lat' dir='ltr'><strong>Bithynia,</strong></span> <span class='ocrx_word' id='word_1_38' title='bbox 1645 1560 1760 1610; x_wconf 87' lang='lat' dir='ltr'><strong>aut</strong></span> <span class='ocrx_word' id='word_1_39' title='bbox 1807 1547 2091 1611; x_wconf 79' lang='lat' dir='ltr'><strong>arctiore</strong></span> <span class='ocrx_word' id='word_1_40' title='bbox 2129 1567 2329 1612; x_wconf 87' lang='lat' dir='ltr'><strong>sensu</strong></span> <span class='ocrx_word' id='word_1_41' title='bbox 2371 1547 2595 1631; x_wconf 85' lang='lat' dir='ltr'><strong>Bithy·</strong></span> 
     </span>
     <span class='ocr_line' id='line_1_13' title="bbox 1090 1648 2594 1736; baseline 0.003 -24"><span class='ocrx_word' id='word_1_42' title='bbox 1090 1649 1273 1712; x_wconf 84' lang='lat' dir='ltr'><strong>nium</strong></span> <span class='ocrx_word' id='word_1_43' title='bbox 1326 1649 1669 1732; x_wconf 77' lang='lat' dir='ltr'><strong>Bithyniae</strong></span> <span class='ocrx_word' id='word_1_44' title='bbox 1720 1648 2066 1732; x_wconf 84' lang='lat' dir='ltr'><strong>oppidum,</strong></span> <span class='ocrx_word' id='word_1_45' title='bbox 2126 1648 2212 1714; x_wconf 86' lang='lat' dir='ltr'><strong>de</strong></span> <span class='ocrx_word' id='word_1_46' title='bbox 2264 1671 2395 1735; x_wconf 90' lang='lat' dir='ltr'><strong>quo</strong></span> <span class='ocrx_word' id='word_1_47' title='bbox 2440 1671 2594 1736; x_wconf 85' lang='lat' dir='ltr'><strong>pro-</strong></span> 
     </span>
     <span class='ocr_line' id='line_1_14' title="bbox 1088 1752 2593 1817; baseline 0.001 -4"><span class='ocrx_word' id='word_1_48' title='bbox 1088 1752 1290 1814; x_wconf 80' lang='lat' dir='ltr'><strong>xime.</strong></span> <span class='ocrx_word' id='word_1_49' title='bbox 1343 1752 1506 1815; x_wconf 84' lang='lat' dir='ltr'><strong>Pars</strong></span> <span class='ocrx_word' id='word_1_50' title='bbox 1553 1771 1781 1817; x_wconf 80' lang='lat' dir='ltr'><strong>aversa</strong></span> <span class='ocrx_word' id='word_1_51' title='bbox 1822 1771 1958 1813; x_wconf 83' lang='lat' dir='ltr'><strong>non</strong></span> <span class='ocrx_word' id='word_1_52' title='bbox 1999 1771 2152 1814; x_wconf 86' lang='lat' dir='ltr'><strong>raro</strong></span> <span class='ocrx_word' id='word_1_53' title='bbox 2191 1754 2484 1817; x_wconf 82' lang='lat' dir='ltr'><strong>occurrit</strong></span> <span class='ocrx_word' id='word_1_54' title='bbox 2522 1754 2593 1815; x_wconf 83' lang='lat' dir='ltr'><strong>in</strong></span> 
     </span>
     <span class='ocr_line' id='line_1_15' title="bbox 1084 1847 2596 1939; baseline 0 -23"><span class='ocrx_word' id='word_1_55' title='bbox 1084 1854 1302 1918; x_wconf 81' lang='lat' dir='ltr'><strong>numis</strong></span> <span class='ocrx_word' id='word_1_56' title='bbox 1336 1847 1684 1929; x_wconf 84' lang='lat' dir='ltr'><strong>Hadriani,</strong></span> <span class='ocrx_word' id='word_1_57' title='bbox 1726 1864 1798 1916; x_wconf 80' lang='lat' dir='ltr'><strong>et</strong></span> <span class='ocrx_word' id='word_1_58' title='bbox 1834 1850 2137 1929; x_wconf 81' lang='lat' dir='ltr'><strong>Sabinae,</strong></span> <span class='ocrx_word' id='word_1_59' title='bbox 2162 1855 2356 1937; x_wconf 67' lang='lat' dir='ltr'><strong>eujus</strong></span> <span class='ocrx_word' id='word_1_60' title='bbox 2387 1855 2596 1939; x_wconf 81' lang='lat' dir='ltr'><strong>expli·</strong></span> 
     </span>
     <span class='ocr_line' id='line_1_16' title="bbox 1094 1947 2596 2042; baseline -0.002 -20"><span class='ocrx_word' id='word_1_61' title='bbox 1094 1956 1418 2022; x_wconf 88' lang='lat' dir='ltr'><strong>cationem</strong></span> <span class='ocrx_word' id='word_1_62' title='bbox 1449 1968 1605 2039; x_wconf 89' lang='lat' dir='ltr'><strong>pete</strong></span> <span class='ocrx_word' id='word_1_63' title='bbox 1647 1974 1731 2017; x_wconf 76' lang='lat' dir='ltr'><strong>ex</strong></span> <span class='ocrx_word' id='word_1_64' title='bbox 1772 1956 1985 2019; x_wconf 85' lang='lat' dir='ltr'><strong>numis</strong></span> <span class='ocrx_word' id='word_1_65' title='bbox 2012 1947 2346 2022; x_wconf 82' lang='lat' dir='ltr'><strong>communi</strong></span> <span class='ocrx_word' id='word_1_66' title='bbox 2369 1957 2596 2042; x_wconf 87' lang='lat' dir='ltr'><strong>Bithy-</strong></span> 
     </span>
     <span class='ocr_line' id='line_1_17' title="bbox 1095 2057 2047 2144; baseline -0.001 -21"><span class='ocrx_word' id='word_1_67' title='bbox 1095 2059 1246 2124; x_wconf 70' lang='lat' dir='ltr'><strong>niae</strong></span> <span class='ocrx_word' id='word_1_68' title='bbox 1281 2060 1551 2126; x_wconf 84' lang='lat' dir='ltr'><strong>nomine</strong></span> <span class='ocrx_word' id='word_1_69' title='bbox 1589 2057 1859 2144; x_wconf 72' lang='lat' dir='ltr'><strong>signatis</strong></span> <span class='ocrx_word' id='word_1_70' title='bbox 1887 2059 1971 2142; x_wconf 66' lang='grc' dir='ltr'><strong>ι).</strong></span> <span class='ocrx_word' id='word_1_71' title='bbox 2040 2101 2047 2110; x_wconf 84' lang='grc'><strong>-</strong></span> 
     </span>
    </p>

    <p class='ocr_par' dir='ltr' id='par_1_7' title="bbox 1347 2159 2561 2549">
     <span class='ocr_line' id='line_1_18' title="bbox 1698 2159 1864 2198; baseline 0 0"><span class='ocrx_word' id='word_1_72' title='bbox 1698 2169 1705 2172; x_wconf 17' lang='grc' dir='ltr'>ἡ</span> <span class='ocrx_word' id='word_1_73' title='bbox 1820 2159 1864 2198; x_wconf 73' lang='grc' dir='ltr'><strong>ιι</strong></span> 
     </span>
     <span class='ocr_line' id='line_1_19' title="bbox 1347 2209 2550 2336; baseline 0.005 -10"><span class='ocrx_word' id='word_1_74' title='bbox 1347 2209 1660 2336; x_wconf 61' lang='lat' dir='ltr'><strong>,nemi</strong></span> <span class='ocrx_word' id='word_1_75' title='bbox 1704 2211 2211 2330; x_wconf 76' lang='grc' dir='ltr'><strong>ΑΝΤῐΝὸοο.</strong></span> <span class='ocrx_word' id='word_1_76' title='bbox 2248 2268 2550 2332; x_wconf 59' lang='grc' dir='ltr'><strong>εηηιειιω</strong></span> 
     </span>
     <span class='ocr_line' id='line_1_20' title="bbox 1373 2359 2592 2435; baseline 0.001 -7"><span class='ocrx_word' id='word_1_77' title='bbox 1373 2361 1462 2428; x_wconf 85' lang='lat' dir='ltr'><strong>H.</strong></span> <span class='ocrx_word' id='word_1_78' title='bbox 1482 2359 1863 2432; x_wconf 82' lang='lat' dir='ltr'><strong>IIATPIC.</strong></span> <span class='ocrx_word' id='word_1_79' title='bbox 1891 2363 2420 2435; x_wconf 84' lang='lat' dir='ltr'><strong>ANTINOON.</strong></span> <span class='ocrx_word' id='word_1_80' title='bbox 2441 2364 2592 2429; x_wconf 72' lang='grc' dir='ltr'><strong>ΘΕ·</strong></span> 
     </span>
     <span class='ocr_line' id='line_1_21' title="bbox 1373 2461 2107 2549; baseline 0.014 -26"><span class='ocrx_word' id='word_1_81' title='bbox 1373 2461 1528 2528; x_wconf 83' lang='grc' dir='ltr'><strong>ΟΝ.</strong></span> <span class='ocrx_word' id='word_1_82' title='bbox 1581 2467 1798 2549; x_wconf 80' lang='lat' dir='ltr'><strong>Caput</strong></span> <span class='ocrx_word' id='word_1_83' title='bbox 1837 2469 2107 2534; x_wconf 81' lang='lat' dir='ltr'><strong>nudum.</strong></span> 
     </span>
    </p>
   </div>
   <div class='ocr_carea' id='block_1_6' title="bbox 950 2561 2599 2654">
    <p class='ocr_par' dir='ltr' id='par_1_8' title="bbox 950 2561 2599 2654">
     <span class='ocr_line' id='line_1_22' title="bbox 950 2561 2599 2654; baseline 0.005 -26"><span class='ocrx_word' id='word_1_84' title='bbox 950 2631 969 2654; x_wconf 55' lang='lat'><strong>.</strong></span> <span class='ocrx_word' id='word_1_85' title='bbox 1092 2561 1627 2629; x_wconf 76' lang='grc' dir='ltr'><strong>ΑΔΡΙΑΝΩΝ.</strong></span> <span class='ocrx_word' id='word_1_86' title='bbox 1683 2561 2257 2634; x_wconf 79' lang='grc' dir='ltr'><strong>ΒῙΘΤΝΙΕΩΝ.</strong></span> <span class='ocrx_word' id='word_1_87' title='bbox 2331 2572 2599 2635; x_wconf 70' lang='grc' dir='ltr'><strong>Μαι-σαι·-</strong></span> 
     </span>
    </p>
   </div>
   <div class='ocr_carea' id='block_1_7' title="bbox 1080 2667 2594 3970">
    <p class='ocr_par' dir='ltr' id='par_1_9' title="bbox 1080 2667 2591 3050">
     <span class='ocr_line' id='line_1_23' title="bbox 1084 2667 2591 2753; baseline 0.005 -23"><span class='ocrx_word' id='word_1_88' title='bbox 1084 2670 1232 2731; x_wconf 73' lang='lat' dir='ltr'><strong>rius</strong></span> <span class='ocrx_word' id='word_1_89' title='bbox 1262 2667 1500 2744; x_wconf 79' lang='lat' dir='ltr'><strong>rejecto</strong></span> <span class='ocrx_word' id='word_1_90' title='bbox 1525 2681 1683 2752; x_wconf 83' lang='lat' dir='ltr'><strong>post</strong></span> <span class='ocrx_word' id='word_1_91' title='bbox 1710 2682 1971 2753; x_wconf 80' lang='lat' dir='ltr'><strong>tergum</strong></span> <span class='ocrx_word' id='word_1_92' title='bbox 1993 2673 2280 2752; x_wconf 80' lang='lat' dir='ltr'><strong>palliolo</strong></span> <span class='ocrx_word' id='word_1_93' title='bbox 2307 2686 2501 2737; x_wconf 78' lang='lat' dir='ltr'><strong>stans</strong></span> <span class='ocrx_word' id='word_1_94' title='bbox 2526 2676 2591 2739; x_wconf 81' lang='lat' dir='ltr'><strong>d.</strong></span> 
     </span>
     <span class='ocr_line' id='line_1_24' title="bbox 1080 2770 2594 2854; baseline 0.002 -21"><span class='ocrx_word' id='word_1_95' title='bbox 1080 2771 1370 2851; x_wconf 83' lang='lat' dir='ltr'><strong>palmae,</strong></span> <span class='ocrx_word' id='word_1_96' title='bbox 1402 2790 1457 2833; x_wconf 82' lang='lat' dir='ltr'><strong>s.</strong></span> <span class='ocrx_word' id='word_1_97' title='bbox 1489 2770 1677 2832; x_wconf 81' lang='lat' dir='ltr'><strong>oleae</strong></span> <span class='ocrx_word' id='word_1_98' title='bbox 1714 2792 1976 2835; x_wconf 82' lang='lat' dir='ltr'><strong>ramum</strong></span> <span class='ocrx_word' id='word_1_99' title='bbox 2007 2786 2205 2850; x_wconf 76' lang='lat' dir='ltr'><strong>tenet,</strong></span> <span class='ocrx_word' id='word_1_100' title='bbox 2238 2795 2413 2854; x_wconf 80' lang='lat' dir='ltr'><strong>pone</strong></span> <span class='ocrx_word' id='word_1_101' title='bbox 2445 2789 2594 2836; x_wconf 83' lang='lat' dir='ltr'><strong>tau·</strong></span> 
     </span>
     <span class='ocr_line' id='line_1_25' title="bbox 1088 2874 2589 2953; baseline 0.006 -23"><span class='ocrx_word' id='word_1_102' title='bbox 1088 2893 1224 2936; x_wconf 82' lang='lat' dir='ltr'><strong>rus.</strong></span> <span class='ocrx_word' id='word_1_103' title='bbox 1284 2874 1426 2938; x_wconf 79' lang='grc' dir='ltr'><strong>ΑΕ.</strong></span> <span class='ocrx_word' id='word_1_104' title='bbox 1464 2892 1556 2938; x_wconf 81' lang='lat' dir='ltr'><strong>m.</strong></span> <span class='ocrx_word' id='word_1_105' title='bbox 1587 2892 1677 2937; x_wconf 85' lang='lat' dir='ltr'><strong>m.</strong></span> <span class='ocrx_word' id='word_1_106' title='bbox 1713 2874 1917 2953; x_wconf 72' lang='lat' dir='ltr'><strong>(Mus.</strong></span> <span class='ocrx_word' id='word_1_107' title='bbox 1952 2875 2142 2939; x_wconf 79' lang='lat' dir='ltr'><strong>Caes.</strong></span> <span class='ocrx_word' id='word_1_108' title='bbox 2162 2876 2380 2941; x_wconf 50' lang='lat' dir='ltr'><strong>”VailL</strong></span> <span class='ocrx_word' id='word_1_109' title='bbox 2420 2878 2589 2939; x_wconf 81' lang='lat' dir='ltr'><strong>Mus.</strong></span> 
     </span>
     <span class='ocr_line' id='line_1_26' title="bbox 1084 2973 1899 3050; baseline 0.007 -16"><span class='ocrx_word' id='word_1_110' title='bbox 1084 2973 1344 3050; x_wconf 80' lang='lat' dir='ltr'><strong>Pisani,</strong></span> <span class='ocrx_word' id='word_1_111' title='bbox 1387 2978 1559 3041; x_wconf 69' lang='lat' dir='ltr'><strong>Mus.</strong></span> <span class='ocrx_word' id='word_1_112' title='bbox 1593 2976 1899 3050; x_wconf 76' lang='lat' dir='ltr'><strong>Fames.)</strong></span> 
     </span>
    </p>

    <p class='ocr_par' dir='ltr' id='par_1_10' title="bbox 1081 3075 2591 3970">
     <span class='ocr_line' id='line_1_27' title="bbox 1213 3075 2588 3163; baseline 0.005 -26"><span class='ocrx_word' id='word_1_113' title='bbox 1213 3077 1591 3161; x_wconf 73' lang='lat' dir='ltr'><strong>Bithyniam</strong></span> <span class='ocrx_word' id='word_1_114' title='bbox 1681 3077 1995 3162; x_wconf 81' lang='lat' dir='ltr'><strong>oppidum</strong></span> <span class='ocrx_word' id='word_1_115' title='bbox 2077 3075 2427 3163; x_wconf 77' lang='lat' dir='ltr'><strong>Bithyniae</strong></span> <span class='ocrx_word' id='word_1_116' title='bbox 2515 3095 2588 3144; x_wconf 82' lang='lat' dir='ltr'><strong>ut</strong></span> 
     </span>
     <span class='ocr_line' id='line_1_28' title="bbox 1085 3178 2588 3269; baseline 0.005 -27"><span class='ocrx_word' id='word_1_117' title='bbox 1085 3178 1393 3255; x_wconf 75' lang='lat' dir='ltr'><strong>Antinoi,</strong></span> <span class='ocrx_word' id='word_1_118' title='bbox 1480 3179 1578 3244; x_wconf 85' lang='lat' dir='ltr'><strong>sic</strong></span> <span class='ocrx_word' id='word_1_119' title='bbox 1652 3179 1893 3243; x_wconf 76' lang='lat' dir='ltr'><strong>horum</strong></span> <span class='ocrx_word' id='word_1_120' title='bbox 1954 3203 2302 3246; x_wconf 76' lang='lat' dir='ltr'><strong>numorum</strong></span> <span class='ocrx_word' id='word_1_121' title='bbox 2372 3188 2588 3269; x_wconf 81' lang='lat' dir='ltr'><strong>patria</strong></span> 
     </span>
     <span class='ocr_line' id='line_1_29' title="bbox 1081 3281 2586 3373; baseline 0.005 -30"><span class='ocrx_word' id='word_1_122' title='bbox 1081 3281 1240 3360; x_wconf 74' lang='lat' dir='ltr'><strong>fuit,</strong></span> <span class='ocrx_word' id='word_1_123' title='bbox 1292 3281 1398 3345; x_wconf 88' lang='lat' dir='ltr'><strong>cui</strong></span> <span class='ocrx_word' id='word_1_124' title='bbox 1431 3295 1700 3364; x_wconf 80' lang='lat' dir='ltr'><strong>praeter</strong></span> <span class='ocrx_word' id='word_1_125' title='bbox 1729 3283 1915 3348; x_wconf 83' lang='lat' dir='ltr'><strong>varia</strong></span> <span class='ocrx_word' id='word_1_126' title='bbox 1942 3286 2011 3344; x_wconf 89' lang='lat' dir='ltr'><strong>in</strong></span> <span class='ocrx_word' id='word_1_127' title='bbox 2046 3287 2270 3350; x_wconf 81' lang='lat' dir='ltr'><strong>amasii</strong></span> <span class='ocrx_word' id='word_1_128' title='bbox 2311 3289 2586 3373; x_wconf 76' lang='lat' dir='ltr'><strong>gratiam</strong></span> 
     </span>
     <span class='ocr_line' id='line_1_30' title="bbox 1088 3383 2591 3474; baseline 0.004 -26"><span class='ocrx_word' id='word_1_129' title='bbox 1088 3384 1170 3448; x_wconf 73' lang='lat' dir='ltr'><strong>ab</strong></span> <span class='ocrx_word' id='word_1_130' title='bbox 1223 3383 1559 3449; x_wconf 85' lang='lat' dir='ltr'><strong>Hadriano</strong></span> <span class='ocrx_word' id='word_1_131' title='bbox 1615 3384 1854 3449; x_wconf 84' lang='lat' dir='ltr'><strong>collata</strong></span> <span class='ocrx_word' id='word_1_132' title='bbox 1911 3384 2253 3453; x_wconf 82' lang='lat' dir='ltr'><strong>benefacta</strong></span> <span class='ocrx_word' id='word_1_133' title='bbox 2315 3393 2591 3474; x_wconf 78' lang='lat' dir='ltr'><strong>permis-</strong></span> 
     </span>
     <span class='ocr_line' id='line_1_31' title="bbox 1084 3487 2590 3565; baseline 0.004 -14"><span class='ocrx_word' id='word_1_134' title='bbox 1084 3507 1231 3551; x_wconf 81' lang='lat' dir='ltr'><strong>sum</strong></span> <span class='ocrx_word' id='word_1_135' title='bbox 1274 3487 1508 3565; x_wconf 87' lang='lat' dir='ltr'><strong>etiam,</strong></span> <span class='ocrx_word' id='word_1_136' title='bbox 1535 3501 1628 3551; x_wconf 86' lang='lat' dir='ltr'><strong>-ut</strong></span> <span class='ocrx_word' id='word_1_137' title='bbox 1672 3487 2041 3552; x_wconf 81' lang='lat' dir='ltr'><strong>honorifico</strong></span> <span class='ocrx_word' id='word_1_138' title='bbox 2089 3491 2428 3556; x_wconf 80' lang='lat' dir='ltr'><strong>Hadriani</strong></span> <span class='ocrx_word' id='word_1_139' title='bbox 2472 3514 2590 3557; x_wconf 88' lang='lat' dir='ltr'><strong>no·</strong></span> 
     </span>
     <span class='ocr_line' id='line_1_32' title="bbox 1084 3589 2586 3680; baseline 0.006 -29"><span class='ocrx_word' id='word_1_140' title='bbox 1084 3589 1263 3652; x_wconf 84' lang='lat' dir='ltr'><strong>mine</strong></span> <span class='ocrx_word' id='word_1_141' title='bbox 1320 3591 1417 3651; x_wconf 88' lang='lat' dir='ltr'><strong>uti</strong></span> <span class='ocrx_word' id='word_1_142' title='bbox 1465 3590 1723 3655; x_wconf 80' lang='lat' dir='ltr'><strong>liceret.</strong></span> <span class='ocrx_word' id='word_1_143' title='bbox 1802 3591 2016 3654; x_wconf 85' lang='lat' dir='ltr'><strong>Partis</strong></span> <span class='ocrx_word' id='word_1_144' title='bbox 2072 3614 2343 3659; x_wconf 84' lang='lat' dir='ltr'><strong>aversae</strong></span> <span class='ocrx_word' id='word_1_145' title='bbox 2393 3609 2586 3680; x_wconf 85' lang='lat' dir='ltr'><strong>typus</strong></span> 
     </span>
     <span class='ocr_line' id='line_1_33' title="bbox 1086 3689 2589 3781; baseline 0.008 -30"><span class='ocrx_word' id='word_1_146' title='bbox 1086 3701 1160 3751; x_wconf 73' lang='lat' dir='ltr'><strong>ut·</strong></span> <span class='ocrx_word' id='word_1_147' title='bbox 1200 3689 1382 3753; x_wconf 83' lang='lat' dir='ltr'><strong>varie</strong></span> <span class='ocrx_word' id='word_1_148' title='bbox 1414 3690 1494 3753; x_wconf 87' lang='lat' dir='ltr'><strong>ab</strong></span> <span class='ocrx_word' id='word_1_149' title='bbox 1527 3692 1719 3773; x_wconf 83' lang='lat' dir='ltr'><strong>hujus</strong></span> <span class='ocrx_word' id='word_1_150' title='bbox 1755 3692 1937 3753; x_wconf 88' lang='lat' dir='ltr'><strong>numi</strong></span> <span class='ocrx_word' id='word_1_151' title='bbox 1967 3695 2402 3777; x_wconf 70' lang='lat' dir='ltr'><strong>praeconibus</strong></span> <span class='ocrx_word' id='word_1_152' title='bbox 2434 3719 2589 3781; x_wconf 85' lang='lat' dir='ltr'><strong>pro·</strong></span> 
     </span>
     <span class='ocr_line' id='line_1_34' title="bbox 1086 3790 2585 3877; baseline 0.007 -26"><span class='ocrx_word' id='word_1_153' title='bbox 1086 3790 1354 3875; x_wconf 81' lang='lat' dir='ltr'><strong>ponitur</strong></span> <span class='ocrx_word' id='word_1_154' title='bbox 1373 3836 1391 3868; x_wconf 92' lang='lat'><strong>,</strong></span> <span class='ocrx_word' id='word_1_155' title='bbox 1455 3792 1549 3856; x_wconf 85' lang='lat' dir='ltr'><strong>sic</strong></span> <span class='ocrx_word' id='word_1_156' title='bbox 1601 3805 1671 3855; x_wconf 87' lang='lat' dir='ltr'><strong>et</strong></span> <span class='ocrx_word' id='word_1_157' title='bbox 1723 3795 1900 3858; x_wconf 80' lang='lat' dir='ltr'><strong>varie</strong></span> <span class='ocrx_word' id='word_1_158' title='bbox 1953 3794 2360 3877; x_wconf 61' lang='lat' dir='ltr'><strong>explicatum·</strong></span> <span class='ocrx_word' id='word_1_159' title='bbox 2432 3800 2585 3862; x_wconf 82' lang='lat' dir='ltr'><strong>Non</strong></span> 
     </span>
     <span class='ocr_line' id='line_1_35' title="bbox 1089 3892 2580 3970; baseline 0.007 -15"><span class='ocrx_word' id='word_1_160' title='bbox 1089 3892 1354 3970; x_wconf 81' lang='lat' dir='ltr'><strong>dubito,</strong></span> <span class='ocrx_word' id='word_1_161' title='bbox 1428 3892 1549 3958; x_wconf 83' lang='lat' dir='ltr'><strong>sub</strong></span> <span class='ocrx_word' id='word_1_162' title='bbox 1602 3895 1920 3958; x_wconf 83' lang='lat' dir='ltr'><strong>Mercurii</strong></span> <span class='ocrx_word' id='word_1_163' title='bbox 1976 3897 2314 3964; x_wconf 84' lang='lat' dir='ltr'><strong>schemate</strong></span> <span class='ocrx_word' id='word_1_164' title='bbox 2368 3901 2580 3966; x_wconf 81' lang='lat' dir='ltr'><strong>latere</strong></span> 
     </span>
    </p>
   </div>
   <div class='ocr_carea' id='block_1_8' title="bbox 1004 3996 2585 4089">
    <p class='ocr_par' dir='ltr' id='par_1_11' title="bbox 1004 3996 2585 4089">
     <span class='ocr_line' id='line_1_36' title="bbox 1004 3996 2585 4089; baseline 0.005 -30"><span class='ocrx_word' id='word_1_165' title='bbox 1004 4019 1015 4026; x_wconf 82' lang='grc'><strong><em>·</em></strong></span> <span class='ocrx_word' id='word_1_166' title='bbox 1084 3997 1302 4081; x_wconf 86' lang='lat' dir='ltr'><strong>ipsum</strong></span> <span class='ocrx_word' id='word_1_167' title='bbox 1330 3996 1723 4072; x_wconf 81' lang='lat' dir='ltr'><strong>Antinoum,</strong></span> <span class='ocrx_word' id='word_1_168' title='bbox 1754 3998 1937 4081; x_wconf 81' lang='lat' dir='ltr'><strong>eujus</strong></span> <span class='ocrx_word' id='word_1_169' title='bbox 1966 3999 2172 4083; x_wconf 80' lang='lat' dir='ltr'><strong>patria</strong></span> <span class='ocrx_word' id='word_1_170' title='bbox 2207 4000 2334 4063; x_wconf 83' lang='lat' dir='ltr'><strong>fuit</strong></span> <span class='ocrx_word' id='word_1_171' title='bbox 2364 4005 2585 4089; x_wconf 82' lang='lat' dir='ltr'><strong>Bithy·</strong></span> 
     </span>
    </p>
   </div>
   <div class='ocr_carea' id='block_1_9' title="bbox 1084 4099 2589 4700">
    <p class='ocr_par' dir='ltr' id='par_1_12' title="bbox 1084 4099 2589 4700">
     <span class='ocr_line' id='line_1_37' title="bbox 1084 4099 2589 4186; baseline 0.005 -25"><span class='ocrx_word' id='word_1_172' title='bbox 1084 4101 1300 4177; x_wconf 83' lang='lat' dir='ltr'><strong>nium,</strong></span> <span class='ocrx_word' id='word_1_173' title='bbox 1356 4113 1425 4164; x_wconf 88' lang='lat' dir='ltr'><strong>et</strong></span> <span class='ocrx_word' id='word_1_174' title='bbox 1455 4099 1664 4186; x_wconf 85' lang='lat' dir='ltr'><strong>patria</strong></span> <span class='ocrx_word' id='word_1_175' title='bbox 1694 4101 1939 4183; x_wconf 84' lang='lat' dir='ltr'><strong>major,</strong></span> <span class='ocrx_word' id='word_1_176' title='bbox 1990 4116 2066 4167; x_wconf 86' lang='lat' dir='ltr'><strong>ut</strong></span> <span class='ocrx_word' id='word_1_177' title='bbox 2102 4102 2418 4182; x_wconf 77' lang='lat' dir='ltr'><strong>diximus,</strong></span> <span class='ocrx_word' id='word_1_178' title='bbox 2464 4107 2589 4168; x_wconf 83' lang='lat' dir='ltr'><strong>Ar·</strong></span> 
     </span>
     <span class='ocr_line' id='line_1_38' title="bbox 1084 4202 2588 4291; baseline 0.003 -24"><span class='ocrx_word' id='word_1_179' title='bbox 1084 4203 1300 4281; x_wconf 75' lang='lat' dir='ltr'><strong>cadis,</strong></span> <span class='ocrx_word' id='word_1_180' title='bbox 1343 4202 1623 4285; x_wconf 81' lang='lat' dir='ltr'><strong>perinde</strong></span> <span class='ocrx_word' id='word_1_181' title='bbox 1664 4215 1857 4288; x_wconf 82' lang='lat' dir='ltr'><strong>atque</strong></span> <span class='ocrx_word' id='word_1_182' title='bbox 1888 4206 2259 4270; x_wconf 75' lang='lat' dir='ltr'><strong>Mercurius</strong></span> <span class='ocrx_word' id='word_1_183' title='bbox 2291 4207 2434 4291; x_wconf 78' lang='lat' dir='ltr'><strong>ipse</strong></span> <span class='ocrx_word' id='word_1_184' title='bbox 2464 4211 2588 4271; x_wconf 84' lang='lat' dir='ltr'><strong>Ar·</strong></span> 
     </span>
     <span class='ocr_line' id='line_1_39' title="bbox 1088 4305 2586 4390; baseline 0.005 -22"><span class='ocrx_word' id='word_1_185' title='bbox 1088 4325 1201 4369; x_wconf 78' lang='lat' dir='ltr'><strong>cas</strong></span> <span class='ocrx_word' id='word_1_186' title='bbox 1227 4305 1351 4369; x_wconf 74' lang='lat' dir='ltr'><strong>fuit</strong></span> <span class='ocrx_word' id='word_1_187' title='bbox 1384 4321 1573 4370; x_wconf 85' lang='lat' dir='ltr'><strong>natus</strong></span> <span class='ocrx_word' id='word_1_188' title='bbox 1598 4306 1668 4368; x_wconf 87' lang='lat' dir='ltr'><strong>in</strong></span> <span class='ocrx_word' id='word_1_189' title='bbox 1698 4307 1972 4390; x_wconf 77' lang='lat' dir='ltr'><strong>Cyllene</strong></span> <span class='ocrx_word' id='word_1_190' title='bbox 1992 4309 2312 4374; x_wconf 73' lang='lat' dir='ltr'><strong>Arcadiae</strong></span> <span class='ocrx_word' id='word_1_191' title='bbox 2343 4324 2586 4375; x_wconf 87' lang='lat' dir='ltr'><strong>monte.</strong></span> 
     </span>
     <span class='ocr_line' id='line_1_40' title="bbox 1088 4407 2585 4493; baseline 0.005 -23"><span class='ocrx_word' id='word_1_192' title='bbox 1088 4407 1211 4470; x_wconf 79' lang='lat' dir='ltr'><strong>Est</strong></span> <span class='ocrx_word' id='word_1_193' title='bbox 1252 4407 1322 4470; x_wconf 93' lang='lat' dir='ltr'><strong>in</strong></span> <span class='ocrx_word' id='word_1_194' title='bbox 1360 4429 1591 4472; x_wconf 87' lang='lat' dir='ltr'><strong>museo</strong></span> <span class='ocrx_word' id='word_1_195' title='bbox 1627 4410 1898 4493; x_wconf 82' lang='lat' dir='ltr'><strong>reginae</strong></span> <span class='ocrx_word' id='word_1_196' title='bbox 1938 4410 2306 4476; x_wconf 79' lang='lat' dir='ltr'><strong>christinae</strong></span> <span class='ocrx_word' id='word_1_197' title='bbox 2352 4431 2585 4477; x_wconf 80' lang='lat' dir='ltr'><strong>numus</strong></span> 
     </span>
     <span class='ocr_line' id='line_1_41' title="bbox 1090 4507 2584 4597; baseline 0.004 -26"><span class='ocrx_word' id='word_1_198' title='bbox 1090 4507 1553 4580; x_wconf 70' lang='lat' dir='ltr'><strong>Commodiin</strong></span> <span class='ocrx_word' id='word_1_199' title='bbox 1598 4510 1727 4575; x_wconf 79' lang='lat' dir='ltr'><strong>hoc</strong></span> <span class='ocrx_word' id='word_1_200' title='bbox 1775 4513 2087 4596; x_wconf 85' lang='lat' dir='ltr'><strong>Bithynio</strong></span> <span class='ocrx_word' id='word_1_201' title='bbox 2141 4513 2465 4597; x_wconf 82' lang='lat' dir='ltr'><strong>signatus,</strong></span> <span class='ocrx_word' id='word_1_202' title='bbox 2514 4516 2584 4577; x_wconf 91' lang='lat' dir='ltr'><strong>in</strong></span> 
     </span>
     <span class='ocr_line' id='line_1_42' title="bbox 1088 4611 2582 4700; baseline 0.001 -24"><span class='ocrx_word' id='word_1_203' title='bbox 1088 4611 1275 4696; x_wconf 81' lang='lat' dir='ltr'><strong>cujus</strong></span> <span class='ocrx_word' id='word_1_204' title='bbox 1333 4632 1564 4678; x_wconf 79' lang='lat' dir='ltr'><strong>aversa</strong></span> <span class='ocrx_word' id='word_1_205' title='bbox 1609 4613 1997 4681; x_wconf 86' lang='lat' dir='ltr'><strong>Vaillantius</strong></span> <span class='ocrx_word' id='word_1_206' title='bbox 2062 4629 2258 4700; x_wconf 84' lang='lat' dir='ltr'><strong>eaput</strong></span> <span class='ocrx_word' id='word_1_207' title='bbox 2313 4617 2582 4681; x_wconf 84' lang='lat' dir='ltr'><strong>Antinoi</strong></span> 
     </span>
    </p>
   </div>
   <div class='ocr_carea' id='block_1_10' title="bbox 1167 4818 1734 4898">
    <p class='ocr_par' dir='ltr' id='par_1_13' title="bbox 1167 4818 1734 4898">
     <span class='ocr_line' id='line_1_43' title="bbox 1167 4818 1734 4898; baseline 0.004 -22"><span class='ocrx_word' id='word_1_208' title='bbox 1167 4825 1228 4892; x_wconf 77' lang='grc' dir='ltr'><strong>ι)</strong></span> <span class='ocrx_word' id='word_1_209' title='bbox 1268 4818 1495 4880; x_wconf 85' lang='lat' dir='ltr'><strong>Vol.11.</strong></span> <span class='ocrx_word' id='word_1_210' title='bbox 1527 4838 1589 4898; x_wconf 78' lang='lat' dir='ltr'><strong>p.</strong></span> <span class='ocrx_word' id='word_1_211' title='bbox 1611 4826 1734 4886; x_wconf 66' lang='lat'><strong>403.</strong></span> 
     </span>
    </p>
   </div>
   <div class='ocr_carea' id='block_1_11' title="bbox 2344 557 2985 634">
    <p class='ocr_par' dir='ltr' id='par_1_14' title="bbox 2344 557 2985 634">
     <span class='ocr_line' id='line_1_44' title="bbox 2344 557 2985 634; baseline 0.002 -4"><span class='ocrx_word' id='word_1_212' title='bbox 2344 557 2800 634; x_wconf 75' lang='lat' dir='ltr'><strong>ANTINO</strong></span> <span class='ocrx_word' id='word_1_213' title='bbox 2824 559 2985 634; x_wconf 85' lang='lat' dir='ltr'><strong>VS.</strong></span> 
     </span>
    </p>
   </div>
   <div class='ocr_carea' id='block_1_12' title="bbox 2667 729 4220 814">
    <p class='ocr_par' dir='ltr' id='par_1_15' title="bbox 2667 729 4220 814">
     <span class='ocr_line' id='line_1_45' title="bbox 2667 729 4220 814; baseline -0.001 -20"><span class='ocrx_word' id='word_1_214' title='bbox 2667 805 2672 810; x_wconf 76' lang='lat'><strong>.</strong></span> <span class='ocrx_word' id='word_1_215' title='bbox 2710 729 2890 794; x_wconf 78' lang='lat' dir='ltr'><strong>vidit.</strong></span> <span class='ocrx_word' id='word_1_216' title='bbox 2954 729 3090 794; x_wconf 86' lang='lat' dir='ltr'><strong>Sed</strong></span> <span class='ocrx_word' id='word_1_217' title='bbox 3132 731 3258 794; x_wconf 88' lang='lat' dir='ltr'><strong>hoc</strong></span> <span class='ocrx_word' id='word_1_218' title='bbox 3299 731 3442 814; x_wconf 84' lang='lat' dir='ltr'><strong>ejus</strong></span> <span class='ocrx_word' id='word_1_219' title='bbox 3487 730 3914 814; x_wconf 78' lang='lat' dir='ltr'><strong>praeconium</strong></span> <span class='ocrx_word' id='word_1_220' title='bbox 3963 732 4092 796; x_wconf 84' lang='lat' dir='ltr'><strong>iam</strong></span> <span class='ocrx_word' id='word_1_221' title='bbox 4151 733 4220 794; x_wconf 82' lang='lat' dir='ltr'><strong>in</strong></span> 
     </span>
    </p>
   </div>
   <div class='ocr_carea' id='block_1_13' title="bbox 2707 831 3697 974">
    <p class='ocr_par' dir='ltr' id='par_1_16' title="bbox 2707 831 3697 974">
     <span class='ocr_line' id='line_1_46' title="bbox 2707 831 3697 916; baseline -0.001 -16"><span class='ocrx_word' id='word_1_222' title='bbox 2707 833 2920 900; x_wconf 67' lang='lat' dir='ltr'><strong>numia</strong></span> <span class='ocrx_word' id='word_1_223' title='bbox 2953 832 3145 916; x_wconf 82' lang='lat' dir='ltr'><strong>hujus</strong></span> <span class='ocrx_word' id='word_1_224' title='bbox 3175 831 3358 895; x_wconf 84' lang='lat' dir='ltr'><strong>urbis</strong></span> <span class='ocrx_word' id='word_1_225' title='bbox 3391 831 3697 899; x_wconf 73' lang='lat' dir='ltr'><strong>refutavi.</strong></span> 
     </span>
     <span class='ocr_line' id='line_1_47' title="bbox 3438 935 3479 974; baseline 0 -2"><span class='ocrx_word' id='word_1_226' title='bbox 3438 935 3479 974; x_wconf 54' lang='lat' dir='ltr'>Q</span> 
     </span>
    </p>
   </div>
   <div class='ocr_carea' id='block_1_14' title="bbox 2694 982 4222 4700">
    <p class='ocr_par' dir='ltr' id='par_1_17' title="bbox 3230 982 3687 1028">
     <span class='ocr_line' id='line_1_48' title="bbox 3230 982 3687 1028; baseline 0.004 -7"><span class='ocrx_word' id='word_1_227' title='bbox 3230 982 3270 1021; x_wconf 66' lang='grc' dir='ltr'><strong>ο</strong></span> <span class='ocrx_word' id='word_1_228' title='bbox 3549 1007 3560 1028; x_wconf 79' lang='grc'>,</span> <span class='ocrx_word' id='word_1_229' title='bbox 3645 983 3687 1023; x_wconf 66' lang='grc' dir='ltr'><strong>ιι</strong></span> 
     </span>
    </p>

    <p class='ocr_par' dir='ltr' id='par_1_18' title="bbox 2993 1033 4217 1105">
     <span class='ocr_line' id='line_1_49' title="bbox 2993 1033 4217 1105; baseline -0.005 0"><span class='ocrx_word' id='word_1_230' title='bbox 2993 1035 3455 1105; x_wconf 80' lang='lat' dir='ltr'><strong>OCTIAIOC.</strong></span> <span class='ocrx_word' id='word_1_231' title='bbox 3584 1033 4217 1102; x_wconf 73' lang='lat' dir='ltr'><strong>MAPKGAAOC.</strong></span> 
     </span>
    </p>

    <p class='ocr_par' dir='ltr' id='par_1_19' title="bbox 2996 1135 4219 1207">
     <span class='ocr_line' id='line_1_50' title="bbox 2996 1135 4219 1207; baseline 0 -4"><span class='ocrx_word' id='word_1_232' title='bbox 2996 1135 3350 1207; x_wconf 74' lang='lat' dir='ltr'><strong>IGPGTC.</strong></span> <span class='ocrx_word' id='word_1_233' title='bbox 3410 1135 3626 1207; x_wconf 68' lang='lat' dir='ltr'><strong>Tor.</strong></span> <span class='ocrx_word' id='word_1_234' title='bbox 3691 1137 4219 1203; x_wconf 73' lang='lat' dir='ltr'><strong>ANTINoo‘r.</strong></span> 
     </span>
    </p>

    <p class='ocr_par' dir='ltr' id='par_1_20' title="bbox 2708 1243 4220 1735">
     <span class='ocr_line' id='line_1_51' title="bbox 3003 1243 3534 1323; baseline 0 -17"><span class='ocrx_word' id='word_1_235' title='bbox 3003 1244 3221 1323; x_wconf 80' lang='lat' dir='ltr'><em>Caput</em></span> <span class='ocrx_word' id='word_1_236' title='bbox 3263 1243 3534 1307; x_wconf 75' lang='lat' dir='ltr'><strong>nudum.</strong></span> 
     </span>
     <span class='ocr_line' id='line_1_52' title="bbox 2708 1339 4218 1433; baseline 0 -28"><span class='ocrx_word' id='word_1_237' title='bbox 2708 1339 3190 1411; x_wconf 75' lang='grc' dir='ltr'><strong>-ΑΝΕΘΗΚΕ,</strong></span> <span class='ocrx_word' id='word_1_238' title='bbox 3217 1344 3457 1410; x_wconf 84' lang='lat' dir='ltr'><strong>TOIC.</strong></span> <span class='ocrx_word' id='word_1_239' title='bbox 3490 1341 3900 1408; x_wconf 73' lang='lat' dir='ltr'><strong>AXAIOIC.</strong></span> <span class='ocrx_word' id='word_1_240' title='bbox 3945 1345 4218 1433; x_wconf 51' lang='lat' dir='ltr'><strong>Mercu-</strong></span> 
     </span>
     <span class='ocr_line' id='line_1_53' title="bbox 2712 1448 4215 1529; baseline 0.001 -21"><span class='ocrx_word' id='word_1_241' title='bbox 2712 1449 2859 1509; x_wconf 81' lang='lat' dir='ltr'><strong>rius</strong></span> <span class='ocrx_word' id='word_1_242' title='bbox 2889 1449 3108 1511; x_wconf 79' lang='lat' dir='ltr'><strong>nudus</strong></span> <span class='ocrx_word' id='word_1_243' title='bbox 3135 1469 3189 1510; x_wconf 72' lang='lat' dir='ltr'><strong>s.</strong></span> <span class='ocrx_word' id='word_1_244' title='bbox 3215 1449 3573 1511; x_wconf 75' lang='lat' dir='ltr'><strong>caduceum</strong></span> <span class='ocrx_word' id='word_1_245' title='bbox 3587 1491 3608 1524; x_wconf 93' lang='lat'><strong>,</strong></span> <span class='ocrx_word' id='word_1_246' title='bbox 3641 1449 3709 1512; x_wconf 83' lang='lat' dir='ltr'><strong>d.</strong></span> <span class='ocrx_word' id='word_1_247' title='bbox 3739 1448 4215 1529; x_wconf 76' lang='lat' dir='ltr'><strong>adsurgentem</strong></span> 
     </span>
     <span class='ocr_line' id='line_1_54' title="bbox 2711 1548 4220 1632; baseline 0.003 -21"><span class='ocrx_word' id='word_1_248' title='bbox 2711 1551 3041 1632; x_wconf 78' lang='lat' dir='ltr'><strong>Pegasum</strong></span> <span class='ocrx_word' id='word_1_249' title='bbox 3068 1553 3334 1613; x_wconf 74' lang='lat' dir='ltr'><strong>retinet.</strong></span> <span class='ocrx_word' id='word_1_250' title='bbox 3377 1549 3519 1618; x_wconf 82' lang='lat' dir='ltr'><strong>AE.</strong></span> <span class='ocrx_word' id='word_1_251' title='bbox 3545 1569 3636 1616; x_wconf 85' lang='lat' dir='ltr'><strong>m.</strong></span> <span class='ocrx_word' id='word_1_252' title='bbox 3673 1569 3764 1616; x_wconf 88' lang='lat' dir='ltr'><strong>m.</strong></span> <span class='ocrx_word' id='word_1_253' title='bbox 3791 1552 3991 1632; x_wconf 72' lang='lat' dir='ltr'><strong>(Mus.</strong></span> <span class='ocrx_word' id='word_1_254' title='bbox 4020 1548 4220 1615; x_wconf 78' lang='lat' dir='ltr'><strong>Fam.</strong></span> 
     </span>
     <span class='ocr_line' id='line_1_55' title="bbox 2710 1651 3104 1735; baseline -0.018 -15"><span class='ocrx_word' id='word_1_255' title='bbox 2710 1651 3066 1735; x_wconf 80' lang='lat' dir='ltr'><strong>Thenpoli.</strong></span> <span class='ocrx_word' id='word_1_256' title='bbox 3071 1653 3104 1735; x_wconf 83' lang='lat'>)</span> 
     </span>
    </p>

    <p class='ocr_par' dir='ltr' id='par_1_21' title="bbox 2706 1755 4222 2246">
     <span class='ocr_line' id='line_1_56' title="bbox 2994 1755 3594 1821; baseline 0.005 -4"><span class='ocrx_word' id='word_1_257' title='bbox 2994 1755 3247 1818; x_wconf 80' lang='lat' dir='ltr'><strong>Eadem</strong></span> <span class='ocrx_word' id='word_1_258' title='bbox 3288 1756 3594 1821; x_wconf 70' lang='lat' dir='ltr'><strong>adver-m.</strong></span> 
     </span>
     <span class='ocr_line' id='line_1_57' title="bbox 2710 1851 4215 1923; baseline -0.001 -4"><span class='ocrx_word' id='word_1_259' title='bbox 2710 1851 3179 1919; x_wconf 71' lang='grc' dir='ltr'><strong>ΑΝΕΘΗΚΕ.</strong></span> <span class='ocrx_word' id='word_1_260' title='bbox 3211 1854 3448 1923; x_wconf 83' lang='grc' dir='ltr'><strong>ΤΟΙΟ.</strong></span> <span class='ocrx_word' id='word_1_261' title='bbox 3481 1854 3892 1922; x_wconf 80' lang='lat' dir='ltr'><strong>AXAIOIC.</strong></span> <span class='ocrx_word' id='word_1_262' title='bbox 3944 1858 4215 1919; x_wconf 65' lang='lat' dir='ltr'><strong>Aser-cu·</strong></span> 
     </span>
     <span class='ocr_line' id='line_1_58' title="bbox 2709 1960 4222 2043; baseline 0.006 -26"><span class='ocrx_word' id='word_1_263' title='bbox 2709 1960 2853 2019; x_wconf 85' lang='lat' dir='ltr'><strong>rius</strong></span> <span class='ocrx_word' id='word_1_264' title='bbox 2893 1960 3114 2021; x_wconf 81' lang='lat' dir='ltr'><strong>nudus</strong></span> <span class='ocrx_word' id='word_1_265' title='bbox 3148 1969 3340 2021; x_wconf 83' lang='lat' dir='ltr'><strong>stans</strong></span> <span class='ocrx_word' id='word_1_266' title='bbox 3374 1962 3437 2023; x_wconf 81' lang='lat' dir='ltr'><strong>d.</strong></span> <span class='ocrx_word' id='word_1_267' title='bbox 3469 1960 3875 2043; x_wconf 73' lang='lat' dir='ltr'><strong>strophium,</strong></span> <span class='ocrx_word' id='word_1_268' title='bbox 3927 1982 3981 2025; x_wconf 77' lang='lat' dir='ltr'><strong>s.</strong></span> <span class='ocrx_word' id='word_1_269' title='bbox 4015 1964 4222 2026; x_wconf 74' lang='lat' dir='ltr'><strong>cadu-</strong></span> 
     </span>
     <span class='ocr_line' id='line_1_59' title="bbox 2709 2063 4216 2147; baseline 0.005 -26"><span class='ocrx_word' id='word_1_270' title='bbox 2709 2078 2930 2136; x_wconf 87' lang='lat' dir='ltr'><strong>ceum,</strong></span> <span class='ocrx_word' id='word_1_271' title='bbox 2974 2069 3133 2123; x_wconf 79' lang='lat' dir='ltr'><strong>ante</strong></span> <span class='ocrx_word' id='word_1_272' title='bbox 3169 2080 3320 2123; x_wconf 83' lang='lat' dir='ltr'><strong>eum</strong></span> <span class='ocrx_word' id='word_1_273' title='bbox 3357 2063 3649 2144; x_wconf 66' lang='lat' dir='ltr'><strong>Priapus</strong></span> <span class='ocrx_word' id='word_1_274' title='bbox 3680 2065 3757 2127; x_wconf 78' lang='lat' dir='ltr'><strong>in</strong></span> <span class='ocrx_word' id='word_1_275' title='bbox 3796 2065 4012 2147; x_wconf 70' lang='lat' dir='ltr'><strong>clppc.</strong></span> <span class='ocrx_word' id='word_1_276' title='bbox 4073 2064 4216 2128; x_wconf 79' lang='lat' dir='ltr'><strong>AF..</strong></span> 
     </span>
     <span class='ocr_line' id='line_1_60' title="bbox 2706 2160 3234 2271; baseline -0.002 -46"><span class='ocrx_word' id='word_1_277' title='bbox 2706 2181 2795 2271; x_wconf 86' lang='lat' dir='ltr'><strong>m.</strong></span> <span class='ocrx_word' id='word_1_278' title='bbox 2830 2181 2924 2230; x_wconf 88' lang='lat' dir='ltr'><strong>m.</strong></span> <span class='ocrx_word' id='word_1_279' title='bbox 2965 2160 3234 2246; x_wconf 73' lang='lat' dir='ltr'><strong>(vain.)</strong></span> 
     </span>
    </p>

    <p class='ocr_par' dir='ltr' id='par_1_22' title="bbox 2708 2266 4221 2550">
     <span class='ocr_line' id='line_1_61' title="bbox 2985 2266 3584 2330; baseline -0.002 -3"><span class='ocrx_word' id='word_1_280' title='bbox 2985 2266 3239 2328; x_wconf 75' lang='lat' dir='ltr'><strong>Eadem</strong></span> <span class='ocrx_word' id='word_1_281' title='bbox 3283 2268 3584 2330; x_wconf 73' lang='lat' dir='ltr'><strong>adverso.</strong></span> 
     </span>
     <span class='ocr_line' id='line_1_62' title="bbox 2712 2363 4221 2430; baseline 0.003 -4"><span class='ocrx_word' id='word_1_282' title='bbox 2712 2363 2844 2427; x_wconf 89' lang='lat' dir='ltr'><strong>AN</strong></span> <span class='ocrx_word' id='word_1_283' title='bbox 2853 2363 3184 2430; x_wconf 76' lang='grc' dir='ltr'>ΕΘΗΚΕ</span> <span class='ocrx_word' id='word_1_284' title='bbox 3234 2366 3471 2430; x_wconf 84' lang='lat' dir='ltr'><strong>TOIC.</strong></span> <span class='ocrx_word' id='word_1_285' title='bbox 3521 2363 3942 2429; x_wconf 86' lang='lat' dir='ltr'><strong>AXAIOIC.</strong></span> <span class='ocrx_word' id='word_1_286' title='bbox 4008 2371 4221 2430; x_wconf 80' lang='lat' dir='ltr'><strong>Anti-</strong></span> 
     </span>
     <span class='ocr_line' id='line_1_63' title="bbox 2708 2463 4149 2550; baseline 0.001 -19"><span class='ocrx_word' id='word_1_287' title='bbox 2708 2488 2878 2531; x_wconf 82' lang='lat' dir='ltr'><strong>nous</strong></span> <span class='ocrx_word' id='word_1_288' title='bbox 2907 2487 3103 2549; x_wconf 83' lang='lat' dir='ltr'><strong>eques</strong></span> <span class='ocrx_word' id='word_1_289' title='bbox 3140 2489 3290 2532; x_wconf 85' lang='lat' dir='ltr'><strong>cum</strong></span> <span class='ocrx_word' id='word_1_290' title='bbox 3318 2470 3544 2534; x_wconf 75' lang='lat' dir='ltr'><strong>hasta.</strong></span> <span class='ocrx_word' id='word_1_291' title='bbox 3587 2463 3729 2529; x_wconf 83' lang='lat' dir='ltr'><strong>AE.</strong></span> <span class='ocrx_word' id='word_1_292' title='bbox 3765 2465 3848 2531; x_wconf 82' lang='lat'><strong>11.</strong></span> <span class='ocrx_word' id='word_1_293' title='bbox 3885 2467 4149 2550; x_wconf 75' lang='lat' dir='ltr'><strong>(vam.)</strong></span> 
     </span>
    </p>

    <p class='ocr_par' dir='ltr' id='par_1_23' title="bbox 2706 2571 4212 2956">
     <span class='ocr_line' id='line_1_64' title="bbox 2995 2571 3589 2633; baseline -0.003 0"><span class='ocrx_word' id='word_1_294' title='bbox 2995 2571 3250 2633; x_wconf 83' lang='lat' dir='ltr'><strong>Eadem</strong></span> <span class='ocrx_word' id='word_1_295' title='bbox 3294 2571 3589 2633; x_wconf 82' lang='lat' dir='ltr'><strong>adversa.</strong></span> 
     </span>
     <span class='ocr_line' id='line_1_65' title="bbox 2706 2663 4212 2738; baseline 0.001 -4"><span class='ocrx_word' id='word_1_296' title='bbox 2706 2668 3189 2738; x_wconf 65' lang='lat' dir='ltr'><strong>ANGQHKG.</strong></span> <span class='ocrx_word' id='word_1_297' title='bbox 3213 2663 3788 2734; x_wconf 77' lang='lat' dir='ltr'><strong>KOPINfflssN.</strong></span> <span class='ocrx_word' id='word_1_298' title='bbox 3837 2669 3964 2733; x_wconf 85' lang='lat' dir='ltr'><strong>Sol</strong></span> <span class='ocrx_word' id='word_1_299' title='bbox 3993 2675 4212 2735; x_wconf 79' lang='lat' dir='ltr'><strong>nudus</strong></span> 
     </span>
     <span class='ocr_line' id='line_1_66' title="bbox 2706 2773 4209 2859; baseline 0.001 -23"><span class='ocrx_word' id='word_1_300' title='bbox 2706 2778 2779 2836; x_wconf 85' lang='lat' dir='ltr'><strong>in</strong></span> <span class='ocrx_word' id='word_1_301' title='bbox 2823 2775 3002 2858; x_wconf 80' lang='lat' dir='ltr'><strong>bigis</strong></span> <span class='ocrx_word' id='word_1_302' title='bbox 3042 2777 3106 2838; x_wconf 85' lang='lat' dir='ltr'><strong>d.</strong></span> <span class='ocrx_word' id='word_1_303' title='bbox 3123 2773 3512 2859; x_wconf 74' lang='lat' dir='ltr'><strong>flagellum.</strong></span> <span class='ocrx_word' id='word_1_304' title='bbox 3576 2773 3718 2837; x_wconf 87' lang='lat' dir='ltr'><strong>AE.</strong></span> <span class='ocrx_word' id='word_1_305' title='bbox 3757 2791 3843 2837; x_wconf 89' lang='lat' dir='ltr'><strong>m.</strong></span> <span class='ocrx_word' id='word_1_306' title='bbox 3879 2793 3964 2835; x_wconf 90' lang='lat' dir='ltr'><strong>m.</strong></span> <span class='ocrx_word' id='word_1_307' title='bbox 4007 2774 4209 2855; x_wconf 70' lang='lat' dir='ltr'><strong>(Mus.</strong></span> 
     </span>
     <span class='ocr_line' id='line_1_67' title="bbox 2710 2873 2929 2956; baseline -0.005 -19"><span class='ocrx_word' id='word_1_308' title='bbox 2710 2873 2929 2956; x_wconf 86' lang='lat' dir='ltr'><strong>Caes.)</strong></span> 
     </span>
    </p>

    <p class='ocr_par' dir='ltr' id='par_1_24' title="bbox 2694 2969 4210 4700">
     <span class='ocr_line' id='line_1_68' title="bbox 2835 2969 4208 3063; baseline 0.001 -25"><span class='ocrx_word' id='word_1_309' title='bbox 2835 2977 2941 3038; x_wconf 75' lang='lat' dir='ltr'><strong>Ex</strong></span> <span class='ocrx_word' id='word_1_310' title='bbox 2972 2989 3312 3060; x_wconf 87' lang='lat' dir='ltr'><strong>postremo</strong></span> <span class='ocrx_word' id='word_1_311' title='bbox 3347 2977 3475 3041; x_wconf 83' lang='lat' dir='ltr'><strong>hoc</strong></span> <span class='ocrx_word' id='word_1_312' title='bbox 3509 2996 3709 3039; x_wconf 86' lang='lat' dir='ltr'><strong>numo</strong></span> <span class='ocrx_word' id='word_1_313' title='bbox 3735 2969 4067 3060; x_wconf 82' lang='lat' dir='ltr'><strong>priorum,</strong></span> <span class='ocrx_word' id='word_1_314' title='bbox 4097 2979 4208 3063; x_wconf 85' lang='lat' dir='ltr'><strong>qui</strong></span> 
     </span>
     <span class='ocr_line' id='line_1_69' title="bbox 2703 3078 4208 3165; baseline 0 -22"><span class='ocrx_word' id='word_1_315' title='bbox 2703 3078 3074 3165; x_wconf 78' lang='lat' dir='ltr'><strong>generatim</strong></span> <span class='ocrx_word' id='word_1_316' title='bbox 3103 3079 3361 3165; x_wconf 75' lang='grc' dir='ltr'><strong>,Αχαως</strong></span> <span class='ocrx_word' id='word_1_317' title='bbox 3394 3092 3639 3142; x_wconf 86' lang='lat' dir='ltr'><strong>tantum</strong></span> <span class='ocrx_word' id='word_1_318' title='bbox 3671 3094 4073 3156; x_wconf 87' lang='lat' dir='ltr'><strong>memorant,</strong></span> <span class='ocrx_word' id='word_1_319' title='bbox 4118 3082 4208 3143; x_wconf 87' lang='lat' dir='ltr'><strong>lo·</strong></span> 
     </span>
     <span class='ocr_line' id='line_1_70' title="bbox 2705 3180 4203 3266; baseline 0.001 -21"><span class='ocrx_word' id='word_1_320' title='bbox 2705 3202 2822 3245; x_wconf 84' lang='lat' dir='ltr'><strong>cus</strong></span> <span class='ocrx_word' id='word_1_321' title='bbox 2870 3181 3101 3245; x_wconf 84' lang='lat' dir='ltr'><strong>natalis</strong></span> <span class='ocrx_word' id='word_1_322' title='bbox 3146 3181 3504 3266; x_wconf 82' lang='lat' dir='ltr'><strong>colligitur.</strong></span> <span class='ocrx_word' id='word_1_323' title='bbox 3570 3180 3907 3262; x_wconf 56' lang='lat' dir='ltr'><strong>Exhibeat</strong></span> <span class='ocrx_word' id='word_1_324' title='bbox 3953 3181 4025 3244; x_wconf 87' lang='lat' dir='ltr'><strong>hi</strong></span> <span class='ocrx_word' id='word_1_325' title='bbox 4065 3184 4203 3246; x_wconf 79' lang='lat' dir='ltr'><strong>Ho-</strong></span> 
     </span>
     <span class='ocr_line' id='line_1_71' title="bbox 2704 3277 4210 3369; baseline -0.001 -21"><span class='ocrx_word' id='word_1_326' title='bbox 2704 3284 2949 3348; x_wconf 78' lang='lat' dir='ltr'><strong>stilium</strong></span> <span class='ocrx_word' id='word_1_327' title='bbox 2982 3284 3406 3361; x_wconf 77' lang='lat' dir='ltr'><strong>Marcellum,</strong></span> <span class='ocrx_word' id='word_1_328' title='bbox 3449 3283 3568 3369; x_wconf 54' lang='lat' dir='ltr'><strong>qui</strong></span> <span class='ocrx_word' id='word_1_329' title='bbox 3617 3303 3689 3348; x_wconf 83' lang='lat' dir='ltr'><strong>sc</strong></span> <span class='ocrx_word' id='word_1_330' title='bbox 3732 3284 3947 3369; x_wconf 87' lang='lat' dir='ltr'><strong>ipsum</strong></span> <span class='ocrx_word' id='word_1_331' title='bbox 3997 3277 4210 3348; x_wconf 76' lang='lat' dir='ltr'><strong>sacer·</strong></span> 
     </span>
     <span class='ocr_line' id='line_1_72' title="bbox 2703 3383 4210 3473; baseline 0 -24"><span class='ocrx_word' id='word_1_332' title='bbox 2703 3390 2919 3449; x_wconf 83' lang='lat' dir='ltr'><strong>dotem</strong></span> <span class='ocrx_word' id='word_1_333' title='bbox 2953 3389 3254 3449; x_wconf 77' lang='lat' dir='ltr'><strong>Antinoi</strong></span> <span class='ocrx_word' id='word_1_334' title='bbox 3291 3383 3672 3469; x_wconf 87' lang='lat' dir='ltr'><strong>profitetur,</strong></span> <span class='ocrx_word' id='word_1_335' title='bbox 3717 3400 3788 3451; x_wconf 86' lang='lat' dir='ltr'><strong>et</strong></span> <span class='ocrx_word' id='word_1_336' title='bbox 3841 3388 3988 3473; x_wconf 85' lang='lat' dir='ltr'><strong>qui,</strong></span> <span class='ocrx_word' id='word_1_337' title='bbox 4033 3407 4210 3451; x_wconf 88' lang='lat' dir='ltr'><strong>com-</strong></span> 
     </span>
     <span class='ocr_line' id='line_1_73' title="bbox 2700 3486 4202 3575; baseline 0.003 -24"><span class='ocrx_word' id='word_1_338' title='bbox 2700 3488 2913 3573; x_wconf 87' lang='lat' dir='ltr'><strong>posita</strong></span> <span class='ocrx_word' id='word_1_339' title='bbox 2940 3486 3279 3572; x_wconf 83' lang='lat' dir='ltr'><strong>utriusque</strong></span> <span class='ocrx_word' id='word_1_340' title='bbox 3310 3488 3511 3570; x_wconf 80' lang='lat' dir='ltr'><strong>partis</strong></span> <span class='ocrx_word' id='word_1_341' title='bbox 3538 3487 3993 3574; x_wconf 82' lang='lat' dir='ltr'><strong>inscriptione,</strong></span> <span class='ocrx_word' id='word_1_342' title='bbox 4018 3511 4202 3575; x_wconf 79' lang='lat' dir='ltr'><strong>prae·</strong></span> 
     </span>
     <span class='ocr_line' id='line_1_74' title="bbox 2703 3589 4201 3676; baseline 0 -22"><span class='ocrx_word' id='word_1_343' title='bbox 2703 3604 2925 3655; x_wconf 87' lang='lat' dir='ltr'><strong>sentes</strong></span> <span class='ocrx_word' id='word_1_344' title='bbox 2966 3611 3199 3655; x_wconf 85' lang='lat' dir='ltr'><strong>numos</strong></span> <span class='ocrx_word' id='word_1_345' title='bbox 3242 3589 3635 3668; x_wconf 90' lang='lat' dir='ltr'><strong>Corinthiis,</strong></span> <span class='ocrx_word' id='word_1_346' title='bbox 3697 3603 3766 3654; x_wconf 86' lang='lat' dir='ltr'><strong>et</strong></span> <span class='ocrx_word' id='word_1_347' title='bbox 3825 3591 3898 3652; x_wconf 89' lang='lat' dir='ltr'><strong>in</strong></span> <span class='ocrx_word' id='word_1_348' title='bbox 3953 3612 4201 3676; x_wconf 81' lang='lat' dir='ltr'><strong>genere</strong></span> 
     </span>
     <span class='ocr_line' id='line_1_75' title="bbox 2705 3689 4199 3787; baseline 0 -31"><span class='ocrx_word' id='word_1_349' title='bbox 2705 3693 2986 3757; x_wconf 84' lang='lat' dir='ltr'><strong>Achaeis</strong></span> <span class='ocrx_word' id='word_1_350' title='bbox 3055 3691 3402 3757; x_wconf 82' lang='lat' dir='ltr'><strong>dedicavit.</strong></span> <span class='ocrx_word' id='word_1_351' title='bbox 3492 3689 3640 3787; x_wconf 77' lang='lat' dir='ltr'><strong>Qua</strong></span> <span class='ocrx_word' id='word_1_352' title='bbox 3707 3692 3962 3757; x_wconf 86' lang='lat' dir='ltr'><strong>ratione</strong></span> <span class='ocrx_word' id='word_1_353' title='bbox 4025 3698 4199 3758; x_wconf 73' lang='lat' dir='ltr'><strong>Mer-</strong></span> 
     </span>
     <span class='ocr_line' id='line_1_76' title="bbox 2705 3795 4202 3880; baseline 0 -21"><span class='ocrx_word' id='word_1_354' title='bbox 2705 3795 2926 3859; x_wconf 84' lang='lat' dir='ltr'><strong>curius</strong></span> <span class='ocrx_word' id='word_1_355' title='bbox 2980 3796 3163 3858; x_wconf 86' lang='lat' dir='ltr'><strong>numi</strong></span> <span class='ocrx_word' id='word_1_356' title='bbox 3218 3795 3411 3877; x_wconf 82' lang='lat' dir='ltr'><strong>primi</strong></span> <span class='ocrx_word' id='word_1_357' title='bbox 3468 3815 3618 3858; x_wconf 88' lang='lat' dir='ltr'><strong>eum</strong></span> <span class='ocrx_word' id='word_1_358' title='bbox 3658 3796 3921 3880; x_wconf 81' lang='lat' dir='ltr'><strong>Pegaso</strong></span> <span class='ocrx_word' id='word_1_359' title='bbox 3965 3815 4202 3859; x_wconf 82' lang='lat' dir='ltr'><strong>conne-</strong></span> 
     </span>
     <span class='ocr_line' id='line_1_77' title="bbox 2704 3887 4201 3983; baseline -0.001 -21"><span class='ocrx_word' id='word_1_360' title='bbox 2704 3899 2947 3978; x_wconf 76' lang='lat' dir='ltr'><strong>ctatur,</strong></span> <span class='ocrx_word' id='word_1_361' title='bbox 3008 3891 3365 3961; x_wconf 76' lang='lat' dir='ltr'><strong>difficulter</strong></span> <span class='ocrx_word' id='word_1_362' title='bbox 3400 3895 3645 3981; x_wconf 84' lang='lat' dir='ltr'><strong>poterit</strong></span> <span class='ocrx_word' id='word_1_363' title='bbox 3678 3887 3761 3960; x_wconf 78' lang='lat' dir='ltr'><strong>e&#39;x</strong></span> <span class='ocrx_word' id='word_1_364' title='bbox 3801 3899 4201 3983; x_wconf 82' lang='lat' dir='ltr'><strong>mythologia</strong></span> 
     </span>
     <span class='ocr_line' id='line_1_78' title="bbox 2694 3998 4202 4087; baseline -0.001 -23"><span class='ocrx_word' id='word_1_365' title='bbox 2694 4000 3031 4087; x_wconf 79' lang='lat' dir='ltr'><strong>expediri,</strong></span> <span class='ocrx_word' id='word_1_366' title='bbox 3092 4002 3219 4064; x_wconf 87' lang='lat' dir='ltr'><strong>nisi</strong></span> <span class='ocrx_word' id='word_1_367' title='bbox 3277 4001 3452 4065; x_wconf 80' lang='lat' dir='ltr'><strong>forte</strong></span> <span class='ocrx_word' id='word_1_368' title='bbox 3508 3998 3754 4080; x_wconf 86' lang='lat' dir='ltr'><strong>placuit</strong></span> <span class='ocrx_word' id='word_1_369' title='bbox 3807 3999 4202 4074; x_wconf 81' lang='lat' dir='ltr'><strong>Corinthiis,</strong></span> 
     </span>
     <span class='ocr_line' id='line_1_79' title="bbox 2696 4095 4204 4187; baseline -0.003 -21"><span class='ocrx_word' id='word_1_370' title='bbox 2696 4106 3051 4167; x_wconf 84' lang='lat' dir='ltr'><strong>Antinoum</strong></span> <span class='ocrx_word' id='word_1_371' title='bbox 3133 4106 3367 4187; x_wconf 85' lang='lat' dir='ltr'><strong>partim</strong></span> <span class='ocrx_word' id='word_1_372' title='bbox 3446 4099 3772 4167; x_wconf 84' lang='lat' dir='ltr'><strong>attributis</strong></span> <span class='ocrx_word' id='word_1_373' title='bbox 3843 4095 4204 4176; x_wconf 72' lang='lat' dir='ltr'><strong>Mercurii,</strong></span> 
     </span>
     <span class='ocr_line' id='line_1_80' title="bbox 2698 4203 4201 4292; baseline -0.003 -24"><span class='ocrx_word' id='word_1_374' title='bbox 2698 4227 2864 4291; x_wconf 83' lang='lat' dir='ltr'><strong>quae</strong></span> <span class='ocrx_word' id='word_1_375' title='bbox 2911 4208 2975 4270; x_wconf 91' lang='lat' dir='ltr'><strong>ei</strong></span> <span class='ocrx_word' id='word_1_376' title='bbox 3017 4206 3230 4270; x_wconf 81' lang='lat' dir='ltr'><strong>addita</strong></span> <span class='ocrx_word' id='word_1_377' title='bbox 3273 4227 3357 4270; x_wconf 86' lang='lat' dir='ltr'><strong>ex</strong></span> <span class='ocrx_word' id='word_1_378' title='bbox 3391 4205 3817 4292; x_wconf 81' lang='lat' dir='ltr'><strong>sequentibus</strong></span> <span class='ocrx_word' id='word_1_379' title='bbox 3854 4203 4054 4269; x_wconf 89' lang='lat' dir='ltr'><strong>etiam</strong></span> <span class='ocrx_word' id='word_1_380' title='bbox 4086 4224 4201 4265; x_wconf 84' lang='lat' dir='ltr'><strong>nu-</strong></span> 
     </span>
     <span class='ocr_line' id='line_1_81' title="bbox 2704 4306 4203 4394; baseline -0.003 -24"><span class='ocrx_word' id='word_1_381' title='bbox 2704 4309 2826 4371; x_wconf 87' lang='lat' dir='ltr'><strong>mis</strong></span> <span class='ocrx_word' id='word_1_382' title='bbox 2859 4309 3338 4394; x_wconf 80' lang='lat' dir='ltr'><strong>intelligemus,</strong></span> <span class='ocrx_word' id='word_1_383' title='bbox 3384 4308 3617 4392; x_wconf 77' lang='lat' dir='ltr'><strong>partim</strong></span> <span class='ocrx_word' id='word_1_384' title='bbox 3658 4306 4203 4392; x_wconf 79' lang='lat' dir='ltr'><strong>Bellerophontis</strong></span> 
     </span>
     <span class='ocr_line' id='line_1_82' title="bbox 2702 4401 4204 4494; baseline -0.003 -21"><span class='ocrx_word' id='word_1_385' title='bbox 2702 4410 3028 4474; x_wconf 82' lang='lat' dir='ltr'><strong>Corinthii</strong></span> <span class='ocrx_word' id='word_1_386' title='bbox 3078 4431 3477 4494; x_wconf 85' lang='lat' dir='ltr'><strong>proponere.</strong></span> <span class='ocrx_word' id='word_1_387' title='bbox 3538 4401 3831 4473; x_wconf 79' lang='lat' dir='ltr'><strong>Alterius</strong></span> <span class='ocrx_word' id='word_1_388' title='bbox 3878 4409 4063 4472; x_wconf 86' lang='lat' dir='ltr'><strong>numi</strong></span> <span class='ocrx_word' id='word_1_389' title='bbox 4113 4422 4204 4490; x_wconf 81' lang='lat' dir='ltr'><strong>ty·</strong></span> 
     </span>
     <span class='ocr_line' id='line_1_83' title="bbox 2698 4511 4204 4598; baseline -0.003 -23"><span class='ocrx_word' id='word_1_390' title='bbox 2698 4535 2821 4598; x_wconf 81' lang='lat' dir='ltr'><strong>pus</strong></span> <span class='ocrx_word' id='word_1_391' title='bbox 2849 4533 3111 4577; x_wconf 81' lang='lat' dir='ltr'><strong>sensum</strong></span> <span class='ocrx_word' id='word_1_392' title='bbox 3140 4514 3418 4576; x_wconf 85' lang='lat' dir='ltr'><strong>fortasse</strong></span> <span class='ocrx_word' id='word_1_393' title='bbox 3444 4511 3736 4576; x_wconf 83' lang='lat' dir='ltr'><strong>continet</strong></span> <span class='ocrx_word' id='word_1_394' title='bbox 3765 4511 4051 4595; x_wconf 83' lang='lat' dir='ltr'><strong>turpiter</strong></span> <span class='ocrx_word' id='word_1_395' title='bbox 4077 4529 4204 4572; x_wconf 78' lang='lat' dir='ltr'><strong>am·</strong></span> 
     </span>
     <span class='ocr_line' id='line_1_84' title="bbox 2696 4609 4201 4700; baseline -0.006 -18"><span class='ocrx_word' id='word_1_396' title='bbox 2696 4615 2987 4700; x_wconf 83' lang='lat' dir='ltr'><strong>biguum.</strong></span> <span class='ocrx_word' id='word_1_397' title='bbox 3051 4615 3702 4678; x_wconf 76' lang='lat' dir='ltr'><strong>Tertius&#39;Antinoum</strong></span> <span class='ocrx_word' id='word_1_398' title='bbox 3753 4609 3936 4677; x_wconf 89' lang='lat' dir='ltr'><strong>omni</strong></span> <span class='ocrx_word' id='word_1_399' title='bbox 3981 4609 4201 4675; x_wconf 78' lang='lat' dir='ltr'><strong>herois</strong></span> 
     </span>
    </p>
   </div>
   <div class='ocr_carea' id='block_1_15' title="bbox 4465 0 4467 1130">
    <p class='ocr_par' dir='ltr' id='par_1_25' title="bbox 4465 0 4467 1130">
     <span class='ocr_line' id='line_1_85' title="bbox 4465 0 4467 1130; baseline 0 0"><span class='ocrx_word' id='word_1_400' title='bbox 4465 0 4467 1130; x_wconf 95' lang='lat' dir='ltr'><strong> </strong></span> 
     </span>
    </p>
   </div>
   <div class='ocr_carea' id='block_1_16' title="bbox 4464 3661 4467 5241">
    <p class='ocr_par' dir='ltr' id='par_1_26' title="bbox 4464 3661 4467 5241">
     <span class='ocr_line' id='line_1_86' title="bbox 4464 3661 4467 5241; baseline 0 0"><span class='ocrx_word' id='word_1_401' title='bbox 4464 3661 4467 5241; x_wconf 95' lang='lat' dir='ltr'><strong> </strong></span> 
     </span>
    </p>
   </div>
  </div>
 </body>
</html>
