4509 5584
1134 601 1280 671 438

1138 766 1339 819 mant.
1448 753 1656 814 Recte
1725 750 1929 833 igitur
1987 750 2335 814 Morellius
2406 760 2634 813 contra
2748 753 2829 816 A.

1144 852 1560 925 Vaillantium
1596 852 1839 935 arguit,
1904 870 2133 934 regem
2164 851 2230 912 in
2269 852 2397 915 hoc
2430 872 2631 915 numo
2749 882 2774 897 --
2819 892 2826 899 «

1142 956 1573 1042 propositum,
1606 954 1744 1019 sive
1780 952 2319 1031 Parthamasirin,
2357 972 2501 1016 esse
2539 954 2646 1014 di·-

1144 1077 1414 1125 versum
1460 1054 1540 1118 ab
1585 1073 1699 1131 eo,
1771 1053 1882 1139 qui
1922 1054 1990 1114 in
2036 1053 2249 1116 numis
2301 1055 2633 1139 sequentis

1144 1158 1298 1225 anni
1356 1155 1748 1243 proponitur
1803 1154 2118 1238 inscripto
2169 1155 2375 1221 REX.
2430 1154 2636 1216 PAR-

1148 1260 1380 1326 THIS.
1429 1256 1757 1330 DATVS,
1839 1255 1987 1318 sive
2037 1257 2636 1341 Parthamaspates,

1150 1374 1350 1448 quem
1386 1358 1700 1441 Traianus
1730 1355 1993 1420 Parthis
2028 1378 2260 1442 regem
2294 1359 2637 1442 praefecit.
2677 1398 2724 1444 ··.
2755 1362 2835 1425 B.

1155 1460 1495 1528 Vaillantii
1526 1458 1911 1522 sententiam
1954 1458 2093 1541 ipsa
2126 1460 2356 1544 capitis
2389 1460 2644 1544 epigra-

1147 1565 1315 1649 phe,
1371 1561 1491 1625 sed
1537 1580 1725 1645 quam
1761 1559 1816 1622 is
1844 1561 2015 1622 malo
2048 1581 2167 1624 suo
2195 1562 2263 1621 iu
2297 1560 2641 1624 consilium

1154 1685 1310 1729 raro
1337 1662 1650 1737 adhibuit,
1679 1660 1940 1726 evertit.
1982 1660 2060 1722 Si
2092 1679 2213 1724 rex
2243 1660 2435 1745 hujus
2466 1661 2649 1724 numi

1140 1779 1335 1829 :esset
1395 1761 1912 1839 rex.P,artbiae,
1971 1784 2007 1825 a
2050 1762 2324 1847 reliquis
2384 1763 2649 1844 Traiani
2756 1794 2764 1801 ·

1153 1865 1360 1929 titulis
1411 1884 1544 1927 non
1604 1864 1866 1927 abesset
1924 1862 2150 1925 titulus
2188 1865 2646 1941 PARTHICI,

1151 1987 1351 2052 quem
1417 1977 1602 2047 capta
1665 1964 1931 2027 Parthia
1998 1963 2310 2042 obtinuit,
2388 1979 2457 2029 et
2536 1964 2648 2051 qui
2753 2008 2760 2015 -

1046 2065 1055 2071 ’
1136 2087 1481 2153 nunqnam
1524 2065 1708 2129 abest
1751 2065 1823 2128 in
1864 2066 2109 2143 numis,
2166 2066 2236 2128 in
2280 2065 2514 2152 quibus
2558 2067 2647 2130 fa·
2757 2069 2847 2134 D.

1157 2182 1264 2235 cta
1287 2166 1621 2231 -Parthiae
1679 2166 2036 2250 jactantur,
2116 2181 2187 2233 et
2241 2167 2428 2233 adest
2496 2186 2650 2231 con-

1152 2283 1407 2338 stanter
1441 2269 1508 2332 in
1553 2268 1770 2332 numis
1812 2267 2143 2354 inscriptis
2192 2270 2398 2335 REX.
2444 2269 2650 2331 PAR·

1154 2374 1384 2438 Tms.
1428 2372 1758 2447 DATVS,
1799 2383 1867 2434 et
1896 2391 2064 2451 anno
2093 2383 2411 2454 sequente
2445 2369 2657 2453 signa-

1152 2477 1263 2540 tis.
1355 2473 1485 2537 Hic
1531 2472 1762 2535 titulus
1815 2457 1963 2535 cum
2014 2470 2208 2548 absit,
2262 2470 2475 2557 sitque
2521 2470 2656 2554 epi-

1158 2574 1411 2661 graphe
1462 2572 1689 2657 capitis
1732 2571 1914 2650 talis,
1986 2572 2193 2658 qualis
2250 2593 2421 2636 anno
2470 2582 2658 2657 prae-

1158 2690 1346 2742 sente
1377 2674 1617 2760 viguit,
1660 2685 1919 2738 certum
1944 2687 2077 2750 est,
2122 2693 2505 2757 percussum
2539 2694 2655 2737 nn·

1142 2799 1379 2855 -mum,
1481 2788 1829 2860 antequam
1917 2775 2232 2858 Traianus
2323 2774 2655 2839 Parthiam

1152 2891 1508 2956 tentasset,
1574 2897 1753 2962 -ergo
1816 2896 1985 2940 anno
2062 2889 2443 2960 praesente,
2524 2899 2655 2963 quo

1154 2985 1309 3069 ipso
1371 2979 1547 3045 istud
1602 2976 2100 3044 Parthamasiris
2152 2977 2394 3044 factum
2453 2978 2657 3043 conti-

1166 3085 1345 3169 gisse
1373 3083 1678 3148 diximus.

1528 3254 1612 3315 V.
1655 3251 1727 3317 0.
1761 3249 1889 3333 869
1933 3253 2007 3316 P.
2040 3247 2132 3312 Χ.
2167 3251 2307 3312 ub.

1172 3373 1310 3436 ΤΒ.
1367 3374 1445 3437 P.
1478 3369 1690 3436 XIX.
1709 3368 1875 3432 XX.
1936 3366 2126 3432 c'oS.
2167 3363 2288 3432 VI.
2334 3369 2411 3437 Ρ.
2450 3369 2558 3434 Μ.
2591 3371 2664 3430 Ρ.

1148 3494 1241 3556 ·P.
1269 3489 1592 3556 OPTIM.
1627 3487 1924 3552 GERM.
1947 3488 2182 3551 ΠΛΟ.
2204 3487 2404 3552 [MP.
2420 3487 2514 3555 X.
2536 3487 2667 3553 XI.

1205 3628 1288 3692 L.
1309 3627 1516 3691 Aelio
1550 3626 1826 3702 Lamia,
1865 3624 2165 3688 Aeliano
2207 3628 2447 3688 Vetere
2476 3645 2611 3688 cos.

1156 3736 1165 3741 ”
1414 3788 1427 3807 .
1483 3742 1734 3825 Incipit
1766 3743 1966 3806 PAR
1978 3741 2270 3807 THICV
2265 3742 2336 3807 S.

1289 3891 1623 3974 Assyriam
1653 3890 1886 3969 intrat,
1939 3903 2008 3956 et
2055 3904 2326 3974 accepta
2357 3890 2423 3952 in
2458 3888 2658 3955 fidem

1162 3994 1591 4080 Ctesiphonte
1625 3999 1990 4076 imperator
2020 3992 2391 4078 appellatur
2423 3993 2659 4058 confir-

1159 4113 1339 4165 mato
1379 4096 1800 4160 PARTHICI
1847 4094 2268 4180 cognomine.
2317 4096 2527 4189 [Vide
2561 4098 2659 4159 in-

1160 4202 1266 4267 fra
1334 4196 1874 4267 commentarium
1947 4197 2031 4262 ad
2101 4198 2277 4266 hunc
2343 4198 2657 4280 titulum.)

1124 4301 1271 4364 ··Ad
1337 4292 1676 4366 Oceanum
1734 4313 2056 4384 penetrat.
2144 4301 2382 4387 Redux
2453 4299 2659 4364 Ctesi·

1158 4403 1417 4489 phonte
1445 4403 2037 4486 Parthamaspatem
2080 4403 2387 4466 Parthiae
2424 4421 2656 4485 regem

1167 4503 1482 4587 designat.
1554 4502 1861 4566 Arabiam
1888 4503 2064 4567 inter
2095 4501 2350 4589 Tigrim
2368 4547 2387 4581 ,
2432 4517 2502 4568 et
2527 4504 2659 4567 Eu·

1162 4605 1467 4689 phratem
1500 4603 1689 4668 sitam
1723 4618 1932 4669 tentat
1960 4609 2042 4691 ⁸).
2327 4600 2338 4613 ’

1243 4811 1306 4880 a)
1343 4806 1458 4866 mo
1492 4809 1557 4867 L.
1574 4808 1831 4897 txv111.
1862 4814 1914 4884 ς.
1931 4815 2021 4877 26.

2376 579 3005 656 TRAIANVS.

2971 742 2976 751 ⁸
3031 750 3208 814 IMP-
3269 748 3515 816 CAES.
3563 751 3765 816 NER.
3811 752 4233 816 TRAIANO.

3032 850 3405 916 OPTIMO.
3477 852 3681 919 AVG.
3753 854 3954 920 GER.
4032 856 4231 917 DAC.

3030 953 3505 1017 PARTHICO.
3535 956 3611 1019 P.
3629 958 3718 1021 M.
3757 957 3896 1019 Ta.
3931 958 4006 1021 P.
4040 956 4229 1019 COSs

2965 1090 2978 1097 -
3036 1055 3149 1122 VI.
3182 1057 3256 1120 P.
3289 1057 3369 1120 P.
3445 1056 3661 1139 Caput
3701 1057 4120 1133 laureatum,
4166 1060 4243 1119 in

3038 1157 3195 1220 AE.
3269 1157 3365 1234 1.,
3466 1161 3672 1221 etiam
3755 1160 4096 1221 radiatum
4172 1161 4268 1220 in.

3042 1259 3203 1321 AE.
3233 1252 3331 1323 ΙΙ.
3647 1250 3650 1255 ”

3036 1360 3211 1421 ΙΜΡ.
3289 1358 3535 1424 CAES.
3609 1359 3810 1421 ΗΕΒ.
3897 1360 4248 1422 ΤΒΔῙΔΝ.

2863 1496 2870 1507 ·
2921 1516 2925 1521 .
3046 1459 3348 1525 ΟΡΤῙΜ.
3425 1460 3631 1529 AVG.
3697 1460 3973 1525 GERM.
4051 1462 4252 1522 DAC.

3052 1564 3268 1640 Caput
3294 1563 3697 1638 laureatum,
3725 1565 3808 1623 its
3826 1565 3980 1624 AV.
4015 1575 4081 1622 et
4099 1562 4259 1624 AB.

2763 1665 2836 1729 C.
3041 1664 3223 1726 IMP.
3283 1663 3549 1727 CAES.
3621 1663 3821 1725 NER.
3899 1662 4249 1724 TRAIAN.

3048 1763 3355 1829 OP'I'IM.
3466 1763 3672 1833 AVG.
3762 1764 3964 1826 GER.
4052 1764 4251 1826 DAC.

3045 1864 3523 1930 PARTHICO.
3602 1865 3815 1947 Caput
3851 1867 4256 1936 laureatum,

3045 1970 3120 2030 in
3151 1968 3316 2030 AV.
3351 1977 3421 2027 et
3449 1966 3611 2028 AB.

3046 2069 3225 2133 rMP.
3278 2066 3524 2131 CAES.
3583 2066 3788 2131 NER.
3833 2066 4251 2132 TRAIANO.

2959 2218 2976 2231 .
3045 2166 3420 2235 OPTIMO.
3461 2168 3671 2238 AVG.
3707 2168 3983 2235 Gmm.
4045 2171 4259 2255 Caput

3046 2272 3382 2335 radlatum
3404 2312 3424 2349 ,
3463 2270 3539 2334 in
3564 2271 3724 2339 AE.
3758 2270 4028 2338 11..11!.

3536 2440 3578 2476 1

3330 2488 3374 2524 ἢ·
3746 2483 3788 2521 ὓ

3059 2579 3154 2639 Vt
3180 2577 3287 2638 lie.
3316 2577 3409 2639 A.

2770 2675 3196 2745 ARMENIA.
3245 2678 3387 2740 ET.
3436 2672 4112 2741 MESOPOTAMIA.
4157 2679 4264 2739 IN.

2768 2775 3401 2844 POTESTATEM.
3471 2780 3549 2843 P.
3611 2780 3692 2843 R.
3752 2778 4263 2844 REDACTAE.

2770 2879 2842 2943 S.
2878 2879 2954 2946 C.
3028 2881 3403 2964 Imperator
3435 2881 3807 2963 paludatus
3844 2892 4037 2942 stans
4064 2883 4127 2942 d.
4162 2882 4273 2942 lea-

2767 2994 2979 3058 stam,
3031 3003 3084 3046 s.
3115 2987 3562 3063 parazonium
3597 2985 3773 3043 inter
3806 2981 4268 3067 duosfluvios,

2768 3094 2836 3144 et
2864 3083 3208 3145 mulierem
3225 3083 3411 3164 pileo
3432 3083 3843 3145 Armeniaca
3878 3095 4126 3167 tectam
4156 3083 4270 3145 hu·

2778 3184 2876 3244 mi
2916 3185 3348 3246 considentes.
3392 3182 3537 3249 AE.
3569 3184 3615 3244 1.
3644 3183 3848 3264 (Mus.
3886 3182 4114 3265 Caes.)

2906 3281 3073 3347 Sunt
3130 3282 3379 3346 isthaec
3431 3283 3601 3347 facta
3651 3284 3803 3347 anni
3855 3282 4132 3366 prioris,
4195 3305 4263 3348 sc

2763 3383 3162 3468 praesentis.
3201 3382 3456 3448 Iudicat
3488 3383 3869 3449 Armeniam
3904 3383 4150 3448 mulier
4176 3384 4264 3467 pi·

2777 3486 2891 3550 leo
2932 3485 3146 3569 patrio
3191 3497 3398 3562 tecta,
3461 3486 3668 3569 qualis
3709 3484 3905 3548 etiam
3948 3486 4258 3572 conspici·

2776 3600 2887 3649 tur
2919 3586 2989 3647 in
3019 3586 3232 3650 numis
3265 3586 3546 3671 Augusti
3573 3587 3938 3672 inscriptis:
3983 3588 4256 3651 Amm-

2769 3687 3286 3767 NIA..9A'P'1·A.
3330 3688 3871 3774 Mesopotamiam
3893 3702 4124 3753 notant
4144 3688 4256 3752 fiu-

2769 3791 2864 3858 vii
2890 3790 3021 3854 dno
3040 3834 3058 3867 ,
3087 3789 3398 3853 nimirum
3430 3812 3597 3876 quae
3631 3791 4007 3876 Euphrate,
4053 3804 4126 3854 et
4154 3790 4254 3852 Ti·

2771 3891 2876 3978 gri
2930 3894 3445 3977 comprehensa,
3503 3892 3568 3956 ἐν
3600 3911 3770 3975 pecc?
3805 3913 3925 3954 rm»
3952 3913 4251 3977 ποταμῶν,

2768 3992 2930 4057 inde
2967 4012 3212 4057 nomen
3248 3991 3535 4060 abstulit.
3589 3993 3905 4069 Ovidius,
3952 4013 4084 4078 quo
4109 3995 4250 4056 loco

2770 4094 2912 4159 Caii
2931 4094 3226 4160 Caesaris
3264 4095 3599 4181 Agrippae
3630 4095 3709 4159 F.
3744 4095 4149 4180 triumphum
4172 4093 4250 4156 de

2767 4196 3063 4275 Parthis,
3124 4196 3244 4262 sed
3292 4196 3482 4261 irrito
3528 4188 3838 4281 augurio‘,
3908 4194 4251 4281 praesagit,

2771 4313 2840 4363 et
2869 4319 3036 4384 quae
3063 4312 3201 4362 tum
3232 4298 3601 4385 procedent
3629 4298 3912 4375 fercula,
3967 4296 4252 4383 symbols
4319 4364 4323 4375 ,

2769 4415 3105 4486 captarum
3132 4392 3505 4484 regionum,
3538 4400 3953 4484 urbiumque,
3985 4419 4252 4485 sequeu-
4303 4428 4312 4437 ·

2770 4516 2873 4566 tes
2917 4501 3113 4566 etiam
3160 4501 3475 4568 admiscet
3509 4523 3738 4570 versus
3784 4503 3960 4566 hunc
3993 4518 4250 4566 numum

2769 4605 3170 4671 illustrantes
3195 4602 3296 4689 .¹’)=
3423 4602 3428 4607 ’

2168 4814 2241 4888 b)
2280 4810 2438 4874 Artis
2472 4826 2641 4874 amat.
2668 4816 2798 4879 1..1.
2828 4834 2882 4875 v.
2903 4828 3027 4882 223.
