4509 5584
1127 608 1217 672 58
1948 656 1959 665 .
2261 576 2362 662 Μ.
2424 585 3085 665 ANTONIVS.

1248 752 1355 820 De'
1416 745 1544 820 hoc
1608 745 1889 840 Scarpo'
1924 746 2193 820 Antonii
2262 760 2475 838 socio,
2550 772 2617 824 et

1110 859 1446 924 exercitui
1477 858 1785 922 Africano
1817 858 2193 943 praefecto,
2230 875 2300 925 et
2332 862 2473 945 ejus
2507 861 2620 926 de-

1112 964 1316 1046 nique
1372 961 1711 1044 proditore
1770 961 1952 1040 vide,
1998 983 2165 1048 quae
2217 964 2496 1028 diximus
2528 966 2615 1052 '‘in

1116 1065 1330 1128 numis
1371 1063 1584 1147 gentis
1620 1064 1940 1129 Pinariae.
2583 1075 2588 1081 ’

1236 1439 1608 1514 Pacuvius,
1651 1437 1762 1501 vel
1802 1436 1886 1521 Q.
1922 1438 2219 1518 Paquius
2254 1430 2499 1527 Rufiu-

1241 1577 1347 1641 De
1422 1576 1550 1639 hoc
1618 1572 1802 1665 vide„
1840 1594 2072 1638 numos
2140 1575 2354 1661 gentis
2413 1579 2619 1642 Pacu-

1061 1738 1065 1742 .
1114 1677 1278 1745 viae·

1580 1859 1671 1897 m*
1730 1862 1739 1871 ·
1837 1812 1880 1850 ⁸⁸
1940 1857 1947 1864 ·
2047 1860 2097 1900 ι

1487 2018 1885 2102 Praefectus
1921 2017 2239 2081 incertus.

1429 2187 1525 2249 M.
1588 2182 1916 2249 ANTON.
1980 2215 2009 2233 ·
2065 2218 2093 2233 -
2147 2217 2175 2232 ·
2229 2185 2616 2249 CLEOPA-

1406 2284 1638 2349 JI'RA.
1717 2287 1988 2367 Capita.
2012 2287 2258 2371 jugata
2313 2289 2617 2353 Antonii

1318 2356 1336 2395 Ἴ
1434 2400 1502 2449 et
1544 2387 1959 2466 Cleopatrae.

1113 2522 1141 2537 -
1178 2521 1207 2537 -
1248 2523 1275 2539 ·
1303 2488 1636 2550 PRAEF.
1677 2486 1971 2550 CLASS.
2016 2485 2231 2550 Navis
2268 2511 2415 2552 cum
2453 2493 2616 2556 velo.

1111 2590 1253 2651 AE.
1301 2593 1350 2652 1.
1430 2588 1730 2672 (Morelli
1790 2601 1858 2650 et
1914 2585 2110 2655 VailI.
2166 2586 2232 2649 in
2287 2589 2438 2655 fam.
2481 2593 2617 2655 An..

1109 2694 1282 2772 ton.)
1844 2769 1885 2809 ῃ

1590 2867 1595 2871 ,
1637 2821 1677 2859 ne
2051 2821 2091 2858 a

1236 2898 1309 2959 In
1357 2897 1539 2991 ‘hanc
1594 2914 1945 2958 numorum
2007 2892 2284 2959 classem
2344 2896 2612 2982 copiose

1111 2998 1530 3061 commentati
1609 3012 1757 3060 sunt
1838 2992 2162 3081 Seguinus
2224 3002 2321 3081 ⁸),
2407 3000 2614 3064 Pane-

1110 3098 1238 3162 lius
1280 3099 1381 3182 1τ’),
1425 3099 1813 3168 Vaillantius
1847 3105 1939 3181 0),
1991 3100 2480 3187 Havercampus
2512 3102 2608 3183 d),

1112 3200 1355 3285 aliique
1402 3201 1610 3284 pauci.
1677 3201 2047 3264 Novissime
2093 3223 2237 3265 eam
2285 3204 2613 3267 illustran-

1113 3301 1260 3365 dam
1312 3303 1601 3385 suscepit
1654 3301 1947 3365 eruditus
2000 3303 2219 3369 Abhas
2272 3306 2609 3369 Mazzole·
2661 3350 2670 3359 -

1108 3418 1230 3465 nus
1282 3416 1585 3468 contexta
1626 3406 1811 3489 larga
1860 3405 2359 3486 dissertatione,
2416 3428 2607 3491 quam

1110 3504 1407 3590 reperias
1463 3506 1529 3566 in
1587 3507 1727 3589 ejus
1783 3507 2480 3573 Animadversionibus
2535 3510 2606 3571 in

1109 3628 1343 3669 numos
1394 3608 1604 3670 musei
1647 3609 1866 3671 Pisani
1916 3633 2063 3695 pag.
2098 3611 2237 3676 163.
2297 3613 2386 3675 At
2440 3632 2605 3678 vero

1108 3709 1178 3770 in
1216 3709 1512 3773 omnibus
1556 3710 1657 3771 his
1699 3711 2111 3775 eruditorum
2147 3712 2605 3778 tentaminibus

1109 3809 1266 3903 plus
1305 3825 1610 3890 conatus,
1670 3833 1862 3896 quam
1921 3813 2259 3897 profectus
2303 3816 2605 3901 'reperio-

1094 3915 1185 3976 iln
1230 3933 1421 3977 causa
1462 3926 1602 3991 est,
1661 3934 1809 3977 cum
1869 3916 2047 4001 quo'd
2098 3916 2377 3981 aliorum
2433 3918 2608 3982 simi-

1105 4012 1267 4087 lium
1303 4014 1592 4079 subsidio
1627 4016 1816 4080 nohis
1853 4038 2015 4102 opus
2054 4017 2265 4082 adhuc
2302 4032 2434 4097 est,
2467 4032 2607 4082 tum

1110 4116 1287 4201 quod
1341 4117 1421 4196 ii,
1479 4119 1591 4204 qui
1646 4117 1728 4182 acl
1784 4138 1903 4184 nos
1963 4140 2370 4203 pervenere,
2435 4122 2605 4187 male

1108 4222 1501 4305 plerumque
1559 4220 1640 4284 ab
1694 4222 1839 4286 aevi
1889 4222 2142 4305 injuriis
2185 4222 2392 4287 habiti
2435 4238 2605 4291 sunt,

1110 4318 1262 4414 Quo
1317 4322 1617 4399 saetam,
1656 4334 1728 4384 ut
1769 4334 1902 4385 non
1947 4324 2145 4389 modo
2189 4340 2492 4399 auctores
2535 4327 2608 4391 hi

1108 4420 1285 4503 inter
1326 4442 1429 4500 se,
1488 4443 1841 4509 secumque
1895 4424 2055 4509 ipsis
2110 4448 2309 4513 saepe
2361 4429 2609 4496 dissen-

1106 4521 1346 4600 tirent,
1399 4523 1519 4588 sed
1570 4540 1639 4589 et
1690 4547 1922 4591 eorum
1969 4528 2238 4594 decreta
2276 4531 2348 4592 in
2382 4531 2608 4617 conje-

2734 773 2949 824 cturas
3005 749 3291 846 denique
3327 748 3607 823 'abeann
3674 748 3912 855 ¹Quare
3972 761 4233 823 consul-

2731 864 2859 926 tius
2897 877 3091 948 puto,
3152 875 3223 925 ut
3267 863 3630 948 legentium
3676 859 3966 924 taedium
4016 861 4235 927 sublo-

2730 984 2918 1043 vem,
2992 966 3060 1027 in
3118 965 3199 1028 iis
3259 963 3884 1042 commemorandis,
3957 975 4101 1026 tum
4163 977 4234 1026 et

2733 1067 3103 1145 elevandis,
3148 1067 3638 1131 stabiliendisve
3673 1080 3906 1130 tenere
3941 1065 4235 1143 modum,

2729 1182 2925 1255 atque
2980 1170 3151 1233 istud
3203 1184 3502 1254 satagere
3559 1181 3841 1243 tantum,
3899 1178 4008 1244 ut,
4068 1185 4232 1251 quae
4337 1174 4344 1180 ’

2715 1284 2916 1335 τῦκα
2951 1287 3132 1352 sunt,
3177 1290 3476 1358 quaeque
3518 1266 3730 1336 adhuc
3771 1267 4000 1347 dubia,
4037 1267 4233 1331 intel·

2719 1369 3030 1456 ligamus.
3789 1456 3796 1465 Ι

2860 1474 3095 1537 Potior
3127 1478 3576 1541 controversia
3615 1476 3680 1539 in
3720 1474 4098 1541 definientio
4132 1496 4232 1540 ca-

2733 1575 2868 1659 pite
2925 1578 3270 1656 muliebri,
3329 1578 3505 1664 quod
3555 1578 3818 1641 Antonii
3874 1578 4074 1662 capiti
4133 1599 4232 1641 so·

2727 1679 2978 1755 ciatur,
3043 1679 3217 1765 quod
3271 1680 3576 1763 plerique
3635 1699 3780 1742 esse
3837 1681 4227 1764 Cleopatrae

2732 1779 3138 1858 existimant,
3197 1794 3261 1843 at
3312 1780 3739 1845 Mazzolenus
3801 1780 3874 1842 in
3922 1778 4231 1844 adseren·

2733 1878 2815 1943 da
2877 1881 3148 1946 Octavia
3208 1880 3553 1947 Octaviani
3617 1902 3883 1959 sorore,
3958 1881 4229 1945 Antonii

2728 2000 2938 2043 uxore
2994 1995 3169 2045 totus
3230 1997 3349 2048 est.
3426 1985 3940 2049 Controversum
4000 1983 4226 2060 etiam,

2731 2081 2916 2166 majus
2961 2084 3043 2146 sit
3088 2096 3281 2167 caput
3319 2084 3646 2168 juvenile,
3712 2086 3889 2170 quod
3944 2085 4018 2147 in
4070 2105 4229 2148 non·

2725 2184 2927 2247 ¹nullis
3014 2186 3262 2265 numis,
3361 2174 3576 2272 primo
3656 2164 3897 2272 Opimii,
3995 2200 4224 2272 quarto

2728 2287 3051 2362 Atratini,
3143 2287 3367 2371 quinto
3440 2286 3663 2349 Bibuli
3739 2309 3887 2352 cum
3958 2288 4225 2352 Antonii

2728 2389 2942 2472 capite
2997 2390 3294 2473 jugatur,
3360 2389 3749 2468 VaillantiO,
3818 2389 4096 2476 aliisque
4156 2389 4223 2451 iu
4271 2448 4278 2459 ,

2735 2490 3197 2554 Caesarionem
3249 2495 3299 2555 1.
3347 2492 3642 2554 Caesaris
3701 2512 3785 2553 ex
3827 2493 4225 2577 Cleopatra,

2731 2592 2845 2658 vel
2887 2593 3224 2675 Antyllum
3281 2594 3550 2656 Antonii
3601 2594 3809 2656 filium
3861 2591 4224 2657 inclinanti·

2730 2691 2874 2770 bus,
2911 2692 3064 2756 dum
3097 2693 3524 2758 Mazzolenus
3557 2694 3771 2779 ipsum
3813 2697 3877 2756 in
3916 2716 4004 2758 eo
4034 2695 4226 2760 Octa-

2721 2797 2988 2862 vianum
3049 2797 3264 2875 videt,
3326 2798 3735 2881 additamque
3796 2798 3979 2881 juxta
4035 2795 4223 2860 Octa·

2721 2899 2935 2972 -viam,
3027 2919 3197 2984 quae
3284 2899 3642 2962 Antonium
3722 2897 4062 2974 maritum,
4156 2909 4222 2959 et

2730 3000 3158 3067 Octavianum
3233 3001 3504 3064 fratrem
3579 2999 3871 3084 respicit.
3959 3002 4222 3063 Μαιευ-

2726 3102 2866 3167 leni
2943 3115 3326 3189 argumenta
3404 3102 3754 3186 praecipua
3837 3113 4023 3163 suntz
4119 3101 4219 3161 Ex

2725 3205 2904 3289 ipso,
2981 3204 3227 3290 inquit,
3303 3203 3590 3289 signatae
3659 3202 3851 3287 hujus
3917 3215 4216 3266 monetae

2724 3321 3028 3391 tempore
3081 3307 3423 3390 consequi,
3481 3304 3689 3389 capita
3736 3305 3900 3370 haec
3946 3306 4217 3387 Cleopa·

2720 3422 2887 3471 tram
2934 3407 3194 3471 referre
3243 3429 3378 3471 non
3421 3428 3638 3492 posse.
3700 3409 3866 3470 Nam
3911 3425 4062 3469 cum
4107 3405 4220 3467 ho·

2709 3530 2869 3572 -rum
2933 3510 3234 3572 nonnulli
3291 3507 3527 3592 signati
3582 3510 3710 3593 jam
3771 3507 3900 3572 sint
3943 3508 4097 3571 inde
4137 3506 4215 3570 ab

2723 3631 2892 3675 anno
2930 3611 3112 3678 V.·C.
3149 3613 3311 3696 715,
3349 3611 3525 3697 quod
3555 3633 3638 3676 ex
3667 3609 3877 3675 literis
3930 3609 4018 3676 A.
4035 3609 4116 3675 B.
4134 3605 4214 3671 Γ.

2724 3694 2794 3776 ΔᾸ
2818 3712 3176 3798 colligitur,
3219 3715 3452 3799 quibus
3487 3712 3762 3777 indicari
3796 3709 4001 3775 annos
4032 3729 4213 3796 prae-

2721 3815 3019 3879 fecturae
3087 3816 3157 3877 in
3209 3817 3486 3902 singulis
3542 3814 3898 3900 praesectis
3964 3813 4211 3889 statuit,

2719 3918 3086 3985 verisimile
3119 3938 3252 3981 uon
3281 3938 3452 3999 esse,
3483 3940 3613 4005 quo
3647 3932 3951 4000 temporo
3988 3934 4212 4000 magna

2721 4016 3059 4084 constabat
3122 4020 3402 4086 amicitia
3464 4020 3818 4084 Antonium
3891 4008 4068 4082 inter
4140 4035 4210 4078 ac

2723 4122 3105 4202 Caesarem,
3165 4138 3403 4209 agente
3449 4122 3863 4207 potissimum
3906 4119 4210 4194 Octavia,

2723 4247 3028 4292 ausurum
3071 4225 3272 4291 fuisse
3314 4224 3672 4290 Antonium
3713 4222 4077 4314 posthabita
4119 4218 4210 4282 le·

2723 4329 2946 4412 gitima
2988 4349 3196 4393 uxore
3234 4327 3492 4412 pellicis
3529 4328 3920 4413 Cleopatrae
3960 4323 4207 4391 vultum

2723 4450 2872 4495 cum
2921 4451 3040 4496 suo
3081 4432 3150 4494 in
3193 4429 3409 4494 numis
3452 4430 3743 4507 sociare,
3790 4447 4016 4514 neque
4065 4444 4205 4489 earn

2711 4553 2872 4599 cum
2945 4534 3231 4599 Antonio
3307 4531 3753 4616 conjunctam,
3833 4532 3963 4596 nisi
4039 4546 4203 4594 anno

1178 4731 1242 4803 a)
1282 4729 1401 4788 Sel.
1431 4750 1591 4790 num.
1620 4751 1683 4821 p.
1702 4737 1826 4801 106·

1107 4819 1529 4897 Fam.,Morell.

2007 4735 2081 4813 b)
2119 4736 2295 4804 Num.
2328 4738 2458 4800 cist.
2487 4758 2548 4816 p.
2567 4742 2660 4807 68.

2845 4745 2908 4818 c)
2945 4743 3093 4802 nist.
3125 4740 3275 4803 Ptol.
3314 4754 3372 4802 et
3401 4742 3460 4801 in
3494 4743 3666 4804 Num.
3699 4743 3835 4802 fam.
3965 4727 4089 4814 '‘d)
4129 4739 4203 4797 ad
