4509 5584
1064 543 1202 622 256

1068 829 1214 871 sum
1232 809 1609 894 fluviorum
1651 821 1752 869 est
1778 810 2098 889 positum.
2148 809 2334 872 Illud
2370 829 2556 872 aram

1062 911 1263 973 habet
1278 910 1766 971 memorabilem
1789 931 1937 972 cum
1958 913 2391 993 inscriptione
2401 932 2561 994 gen-

1066 1013 1236 1074 tium
1286 1009 1432 1074 LX.
1463 1031 1774 1088 numero,
1816 1022 1888 1073 et
1925 1015 2225 1097 imagine
2258 1014 2560 1094 singula-

1060 1133 1248 1190 tum,
1294 1114 1456 1176 item
1495 1112 1705 1183 aliam
1747 1132 2079 1194 magnam.
2148 1113 2351 1177 Aram
2388 1112 2555 1178 hauc

1065 1210 1430 1277 dedicatam
1456 1212 1660 1277 fuisse
1690 1214 1774 1281 V.
1799 1215 1873 1278 C.
1907 1223 2055 1295 744,
2088 1213 2289 1279 tradit
2324 1216 2558 1278 Sueto-

1059 1315 1209 1378 nius
1240 1316 1326 1397 ⁸),
1363 1313 1486 1378 sed
1507 1314 1636 1378 Dio
1664 1313 1792 1396 jam
1820 1314 2086 1380 biennio
2116 1329 2266 1381 ante
2289 1316 2558 1402 Lugdu·

1062 1416 1131 1478 ui
1163 1414 1245 1480 ud
1272 1436 1449 1479 uram
1486 1417 1767 1501 Augusti
1790 1416 2032 1481 festum
2060 1419 2233 1483 diem
2265 1419 2559 1483 celebra·-

1061 1532 1196 1581 tum
1228 1516 1424 1581 docet
1453 1513 1540 1597 ¹¹).
1584 1517 1809 1581 Livius
1838 1519 2109 1603 insuper
2130 1536 2421 1585 creatum
2461 1543 2558 1584 ss·

1063 1620 1402 1684 cerdotem
1467 1618 1823 1683 calanum
1876 1622 2555 1688 Vercondaridubium

1060 1722 1363 1784 Aeduum
1398 1734 1720 1783 memorat
1756 1734 1831 1795 ⁰J‘.
1866 1724 2036 1785 Arae
2061 1723 2369 1787 Narbone
2388 1728 2560 1787 Mar-

1059 1825 1152 1885 tio
1177 1837 1438 1886 erectae
1460 1823 1756 1885 meminit
1784 1823 1976 1886 etiam
2005 1806 2365 1909 epigraphe
2388 1825 2557 1889 Gru·

1060 1924 1310 1988 teriam
1339 1922 1425 2006 d).
1492 1922 1914 2017 Quapropter
1940 1924 2137 1989 ’licuit
2170 1925 2415 1993 Ovidio
2455 1948 2557 1991 ca·

1062 2046 1226 2089 nere
1248 2028 1372 2107 ,ηε

1748 2127 2014 2213 Templa
2053 2130 2387 2214 Quirinus

1192 2229 1423 2304 Liber,
1463 2227 1545 2291 'et
1590 2231 1911 2307 Alcides,
1969 2244 2039 2294 et
2077 2236 2270 2296 modo
2312 2236 2560 2298 Caesar

1745 2334 2011 2399 habent.

1063 2431 1195 2494 Sed
1225 2428 1401 2517 quod
1430 2453 1662 2497 numos
1686 2448 2070 2518 praesentes
2098 2434 2371 2520 propius
2407 2455 2562 2498 con-

1065 2533 1296 2617 tingit,
1345 2534 1477 2616 jam
1522 2556 1715 2618 supra
1762 2535 1842 2599 ad
1888 2534 2139 2599 ‘annum
2187 2539 2271 2603 V.
2306 2538 2380 2602 C.
2433 2538 2561 2621 735

1058 2635 1250 2720 plura
1310 2636 1497 2698 attuli
1558 2636 1961 2716 testimonis,
2014 2660 2139 2723 per
2170 2640 2556 2719 provincias

1062 2738 1316 2800 Romae
1349 2736 1565 2800 simul*
1595 2751 1659 2799 et
1687 2741 2008 2821 Augusto
2040 2742 2277 2825 passim
2311 2742 2557 2824 templa

1061 2838 1264 2902 fuisse
1298 2838 1614 2904 dedicata.
1657 2838 1782 2902 His
1823 2839 1997 2904 addo
2039 2842 2555 2928 inscriptionem,

1060 2962 1227 3026 quse
1304 2941 1634 3025 hodieque
1701 2941 1949 3025 legitur
1995 2944 2202 3009 Polae
2252 2947 2321 3008 in
2369 2947 2557 3009 Istria

1059 3044 1267 3105 fronti
1313 3041 1569 3105 sedium
1613 3043 1958 3126 inscriptas
2025 3047 2369 3113 ROMAE.
2414 3050 2554 3110 ΕΤ.

1060 3144 1508 3213 AVGVSTO.
1565 3145 1963 3209 CAESARI.
2011 3150 2218 3216 DIVI.
2288 3151 2368 3216 F.
2415 3152 2560 3212 PA-

1064 3247 1661 3312 ’rR1.PATRIAE
1701 3232 1775 3329 r).
1833 3250 2173 3314 Herodem
2205 3254 2299 3315 M.
2329 3253 2562 3315 caesa-

1066 3369 1225 3413 teae
1258 3347 1666 3411 Palaestinae
1699 3346 2051 3434 αἱσγαλματα
2076 3373 2147 3413 το
2179 3374 2286 3436 μεν
2315 3344 2563 3436 Ρωμηξ,

1064 3472 1135 3512 το
1176 3442 1250 3511 δε
1282 3450 1603 3527 Καισαρος
1639 3451 2084 3530 constituisse,
2120 3453 2431 3538 perhibet
2457 3453 2558 3516 Fl.

1066 3550 1385 3633 Iosephus
1416 3550 1500 3632 8).
1545 3553 1808 3636 Insigne
1828 3554 1995 3617 illud
2015 3557 2354 3639 templum,
2387 3555 2564 3640 quod

1064 3654 1471 3735 Mylasenses
1523 3655 1749 3718 Curiae
1796 3669 2220 3733 exstruxere,
2274 3670 2342 3721 et
2376 3655 2560 3739 cujus

1068 3754 1371 3839 epistylio
1411 3755 1479 3816 in
1521 3757 1696 3820 hunc
1741 3755 1913 3821 diem
1965 3757 2347 3842 inscriptum
2397 3759 2564 3843 legi-

1067 3872 1213 3921 tur:
1283 3855 1363 3919 Ο.
1421 3850 1788 3921 ΔΗΜΟΣ.
1859 3854 2557 3925 ΑΤΤΟΚΡΑΤΟΡΙ.

1066 3953 1487 4024 ΚΑῙΣΑΡῙ.
1588 3952 1866 4025 ΘΕΟΤ.
1957 3954 2194 4026 ΤῙΩΙ.
2278 3955 2562 4024 ΣΕΒΑ-

1066 4057 1343 4126 ΣΤΩΙ.
1376 4058 1838 4125 ΑΡΧΙΕΡΕΙ.
1866 4056 2350 4125 ΜΕΓΙΣΤΩ.
2371 4062 2561 4127 ΚΑΙ.

1070 4161 1322 4228 ΘΕΑῙ.
1368 4158 1721 4226 ΡΩΜΗῙ.
1753 4160 1854 4243 b),
1898 4163 2143 4226 viventi
2189 4163 2415 4249 utique
2456 4167 2566 4228 ad-

1067 4265 1196 4329 huc
1221 4267 1555 4348 Augusto,
1595 4264 1792 4350 eique
1822 4267 2067 4330 sociato
2096 4252 2348 4329 Romae
2382 4270 2564 4333 cultu

1068 4381 1171 4430 est
1207 4365 1598 4432 dedicatum.
1645 4371 1717 4429 In
1756 4388 2082 4432 marmore
2122 4369 2359 4452 Cymes
2393 4370 2567 4432 Aeo-

1144 4593 1208 4661 a)
1237 4591 1303 4649 Iu
1332 4591 1540 4649 Claud.
1578 4614 1627 4652 c.
1647 4607 1701 4655 2.

1069 4681 1133 4735 L.
1156 4681 1257 4739 111.
1293 4680 1367 4739 cl.
1395 4682 1554 4739 Vm.
1589 4703 1643 4741 v·
1667 4697 1754 4745 51.

1071 4772 1141 4841 h)
1185 4770 1460 4828 Chishull
1488 4773 1626 4829 Ant.
1658 4773 1838 4829 Asini.
1869 4786 2075 4850 p.207.

1848 4593 1920 4666 b)
1948 4594 2012 4650 L.
2032 4595 2181 4652 L1v.
2212 4599 2267 4665 §.
2285 4608 2373 4659 32.

2524 4604 2586 4672 c)
2617 4597 2677 4651 iu
2702 4597 2960 4673 Epitom.
2987 4597 3052 4653 L.
3074 4610 3194 4662 137.

1914 4685 1969 4755 s)
2009 4684 2249 4741 Pocock
2282 4682 2561 4762 descript.
2591 4687 2820 4744 Orient.
2854 4687 2923 4743 T.
2944 4687 3045 4745 111.
3075 4690 3123 4761 §.
3144 4698 3270 4752 425.

2226 4775 2275 4847 i)
2311 4774 2455 4833 Rec.
2489 4776 2708 4834 d’Ant.
2739 4777 2808 4833 T.
2829 4776 2900 4835 ΙΙ.
2932 4797 2989 4854 p.
3016 4787 3136 4850 189.

2298 531 2957 633 Avevsrvs

1063 710 1210 770 sari
1237 706 1557 789 Augusto
1586 707 1680 768 ad
1700 706 1873 768 leone
1910 705 2134 769 urbem
2169 706 2262 769 ad
2292 726 2563 771 coneur-

2674 705 2856 784 lidia,
2891 705 3063 793 quod
3100 705 3304 770 edidit
3343 725 3566 770 comes
3600 706 3835 791 Caylus
3879 703 3965 788 i),
3999 705 4165 769 dici-

2673 822 2780 871 tur
2814 807 3134 871 Polemon
3167 808 3473 872 sacerdos
3504 805 3725 873 ΤΑΣ.
3762 802 4158 873 ΡΩΜΑΣ.

2672 909 2859 971 ΚΑΙ.
2940 904 3738 999 ATTOKPATOPQZ.
3823 908 4163 972 ΚΑΙΣΑ-

2675 1003 2881 1074 ΡΟΣ.
2902 1007 3131 1073 ΘΕΩ.
3152 1005 3355 1071 ΤΙΩ.
3394 1006 3626 1076 ΘΕΩ.
3652 1005 4158 1076 ΣΕΒΑΣΤΩ..

2668 1113 2856 1195 Ergo
2903 1123 2972 1173 et
3010 1113 3276 1193 Cymsei
3328 1111 3619 1174 habuere
3664 1113 3982 1197 templum
4026 1114 4165 1175 Ro·

2669 1232 2849 1290 mae,
2909 1226 2980 1276 et
3019 1213 3298 1297 Augusti
3344 1213 3555 1279 adhuc
3598 1212 3761 1291 vivi,
3805 1227 3874 1279 et
3916 1214 3987 1277 in
4032 1213 4166 1279 hoe

2670 1336 2998 1378 marmore
3026 1314 3297 1399 insuper
3323 1310 3598 1382 ΘΕΟΣ.
3619 1308 4170 1393 ΣΕΒΑΣΤΟΣ,

2670 1430 2745 1479 ut
2773 1417 2841 1477 in
2873 1418 3085 1478 numis
3117 1417 3578 1501 Pergamenis,
3636 1418 4027 1502 appellatur.
4082 1420 4170 1482 11.

2668 1519 2992 1581 Praestita
3021 1519 3185 1582 haee
3235 1518 3492 1609 utrique
3530 1521 3777 1581 numini
3825 1520 4167 1583 veneratio

2670 1622 2827 1705 ipsis
2863 1620 3074 1683 etiam·
3104 1621 3318 1684 numis
3357 1635 3540 1684 extra
3578 1621 3809 1684 urbem
3842 1623 4014 1685 haud
4052 1624 4170 1707 du-

2669 1722 2778 1785 bie
2827 1723 2997 1786 cusis
3043 1736 3144 1785 est
3186 1723 3583 1806 consignata.
3668 1712 3879 1809 supra
3920 1724 4003 1788 ad
4061 1748 4173 1788 an-

2669 1844 2827 1885 num
2878 1825 2959 1891 V.
2999 1825 3072 1888 C.
3116 1826 3243 1900 735
3295 1825 3615 1907 descripsi
3676 1844 3983 1904 numum,
4055 1828 4169 1911 qui

2669 1924 2940 1989 exhibet
2989 1926 3304 2010 templum
3358 1948 3394 1989 a
3441 1926 3824 1993 COMmuni
3879 1927 4163 1991 ASIAE.

2669 2026 2954 2091 ROMae
2989 2029 3130 2090 ΕΤ.
3159 2027 3560 2095 AVGvs'ro
3585 2045 3900 2095 ereetum.
3947 2032 4164 2093 Nemo

2668 2130 2873 2193 credo
2898 2127 3177 2192 inficiari
3203 2129 3403 2207 volet,
3430 2130 3711 2212 perinde
3741 2150 3816 2195 ac
3842 2131 4164 2214 tempium

2669 2233 2739 2293 iu
2791 2231 2930 2315 ipsa
2981 2230 3136 2294 Asia
3182 2231 3603 2295 constitutum
3657 2231 4020 2311 iudicatur,
4073 2232 4164 2295 ita

2672 2345 2741 2397 et
2771 2354 3040 2395 numum
3084 2333 3297 2416 ipsum
3343 2334 3410 2395 in
3453 2334 3608 2396 Asia
3646 2334 3987 2419 signatum.
4039 2334 4168 2396 Er·

2675 2455 2760 2520 go
2795 2447 2864 2498 et
2897 2434 3030 2523 his,
3080 2435 3162 2497 de
3198 2435 3431 2520 quibus
3473 2437 3759 2518 agimus,
3813 2437 4026 2498 numis
4070 2436 4168 2497 di-

2673 2557 2864 2601 versa
2910 2535 2990 2599 ab
3034 2538 3245 2599 Roma
3296 2536 3437 2621 ipsa
3480 2537 3690 2622 patria
3743 2538 4164 2623 inquirenda.

2667 2641 2780 2703 111.
2851 2638 2923 2699 Si
2968 2640 3150 2700 numi
3206 2639 3276 2700 hi
3309 2652 3530 2702 esseut
3572 2640 3640 2701 iu
3686 2640 3853 2703 urbe
3911 2640 4169 2724 signati,

2670 2760 2804 2801 nou
2852 2739 3112 2803 abesset
3160 2752 3313 2804 nota
3358 2743 3425 2805 S.
3468 2743 3576 2818 C.,
3639 2763 3804 2825 quae
3851 2740 3919 2802 in
3956 2743 4172 2805 numis

2667 2840 2894 2904 aeneis
2943 2842 3111 2907 certi
3159 2845 3500 2907 commatis
3542 2844 3822 2906 Romani
3869 2843 3989 2907 sub
4036 2846 4172 2906 Au-

2669 2956 2860 3026 gusto
2911 2944 3082 3015 cusis
3130 2942 3363 3008 abesse
3412 2967 3740 3030 nunquam
3793 2946 3983 3010 solet.
4049 2948 4170 3012 IV.

2676 3046 2957 3126 Suntex
2995 3046 3209 3109 numis
3256 3046 3447 3132 hujus
3480 3049 3850 3133 argumenti
3880 3047 4175 3132 complu·
4273 3126 4288 3131 -

2671 3158 2784 3212 res
2827 3148 3141 3212 maximae
3174 3132 3450 3225 formae,
3486 3144 3550 3212 ut
3582 3149 3771 3232 hujus
3806 3151 3955 3216 aevi
3992 3153 4178 3213 numi

2673 3253 2923 3314 Romae
2968 3251 3204 3334 signati
3247 3251 3409 3313 tanti
3441 3251 3789 3315 voluminis
3827 3273 3962 3316 non
3990 3267 4174 3330 suut,

2676 3367 2985 3431 quantum
3036 3365 3250 3416 tamen
3284 3373 3416 3416 non
3450 3355 3639 3438 pauci
3675 3356 3741 3416 iu
3771 3355 4170 3439 Hispanicis,

2673 3454 2947 3538 aliisque
2988 3455 3264 3517 coloniis
3299 3456 3597 3539 percussi
3632 3456 4037 3541 praeferunt.
4084 3459 4173 3525 V.
4230 3466 4237 3473 '

2676 3546 3110 3619 Paucissimos
3178 3557 3490 3622 habemus
3539 3578 3775 3637 numos
3828 3576 4072 3624 aeneos
4121 3562 4171 3624 1.

2676 3654 2928 3725 formae
2969 3659 3306 3722 commatis
3347 3662 3464 3739 R„
3514 3660 3582 3722 iu
3632 3682 3914 3746 quorum
3959 3663 4175 3726 antica

2675 3758 3000 3840 sculptum
3026 3773 3202 3823 esset
3233 3763 3513 3846 Augusti
3543 3763 3754 3844 adhuc
3785 3756 3921 3828 viri
3955 3778 4168 3850 caput,

2677 3856 2761 3921 de
2813 3880 2942 3945 quo
2994 3883 3148 3925 mox
3192 3877 3424 3950 agetur
3471 3865 3662 3931 infra.
3751 3865 3954 3929 Nullo
4003 3886 4170 3950 ergo

2673 3975 2864 4045 pacto
2913 3962 3311 4045 verisimile,
3365 3968 3773 4033 monetarios·
3803 3968 3871 4031 iu
3923 3969 4170 4032 feriun-

2674 4062 2774 4124 dis
2817 4064 2886 4126 id
2919 4084 3126 4150 genus
3175 4070 3387 4133 numis
3426 4071 3713 4135 voluisse
3755 4070 3898 4155 ejus
3937 4069 4167 4136 aetatis

2673 4186 2925 4229 morem
2998 4170 3380 4255 quacunque
3454 4192 3537 4235 ex
3600 4194 3791 4238 causa
3853 4173 4164 4254 placitum

2673 4268 3059 4354 infringere.
3135 4272 3441 4358 Denique
3503 4277 3617 4342 VI.
3672 4275 3730 4338 si
3790 4276 4172 4339 consulatur

2676 4391 2907 4435 eorum
2967 4372 3214 4436 fabrica
3245 4416 3250 4421 -
3277 4373 3458 4458 ipsa‘,
3543 4376 3738 4440 facile
3815 4376 4173 4460 perspiciet

3346 4599 3415 4670 d)
3451 4611 3733 4675 pag.229,
3881 4602 3945 4672 e>
3973 4600 4172 4658 Amor.

3433 4690 3497 4766 g)
3535 4690 3737 4766 Antiq.
3767 4690 3980 4751 1..sz
4015 4712 4066 4749 c.
4091 4704 4170 4755 13.
