4509 5584
1077 564 1269 648 ,sao
1562 632 1570 640 ,
2236 529 3100 622 νἘεΡΑΒΙΑΝνς.

1120 717 1365 793 nimus,
1441 714 1566 778 hie·
1593 726 1744 777 aute
1806 710 1982 776 diem
2029 712 2170 778 XX.
2223 714 2616 778 Decembris
2732 713 2842 777 dio
2875 724 3281 798 competunt,
3316 723 3384 776 et
3407 691 3557 776 raro
3585 710 3653 774 in
3687 711 4066 797 Vespasiani
4095 736 4199 780 nu·

1123 838 1352 883 caesus
1398 835 1532 878 non
1581 827 1713 891 est,
1770 827 1837 876 et
1874 813 2003 878 hoc
2048 823 2274 878 rerum
2322 816 2623 898 potiente
2732 817 2856 879 mis
2906 815 3291 878 tribuniciae
3353 815 3689 898 potestatis
3746 836 4051 879 numerus
4103 837 4202 882 ex-

1011 981 1018 985 ,
1124 917 1275 982 fieri
1324 916 1548 999 utique
1599 935 1734 978 non
1787 914 2044 997 potuit,
2087 930 2159 979 u’t
2207 918 2621 1002 Vespasiani,
2696 928 2713 936 ·
2737 916 3479 1000 primum-,Verisimile
3511 930 3629 993 est,
3668 915 3752 978 'ad
3776 915 3952 978 hunc
3985 939 4200 980 annum

1126 1018 1252 1083 etsi
1309 1038 1433 1098 per
1496 1016 1865 1100 provincias
1909 1017 2134 1100 agniti·
2166 1018 2622 1102 imperatoris,
2706 1016 3074 1100 pertinere
3123 1020 3501 1104 complures
3555 1038 3637 1081 ex
3688 1018 3766 1079 iis
3815 1017 4060 1094 numis,
4106 1018 4205 1103 qui

1121 1132 1319 1203 eaput
1366 1132 1670 1182 monetae
1718 1117 1899 1180 urbis
1941 1119 2368 1181 insereretur.
2430 1119 2619 1182 Resi·
2702 1118 2991 1185 ,omissis
3025 1119 3238 1206 ‘titulis
3270 1116 3615 1202 pontfficis
3655 1121 3975 1195 maximi,
4019 1131 4085 1182 et
4103 1141 4206 1200 pa-

1041 1203 1050 1214 ·
1123 1222 1242 1287 dni
1286 1220 1428 1284 dies
1490 1221 1599 1285 vix
1651 1218 2034 1282 suffecerint
2087 1218 2446 1285 formandis
2489 1243 2629 1284 ma--
2733 1223 2860 1283 trs‘ir
2896 1221 3197 1301 patriae,
3257 1240 3421 1304 quos
3456 1240 3591 1283 non
3638 1217 3904 1284 videtur
3948 1219 4072 1282 nisi
4094 1223 4211 1285 Ro·

1119 1322 1396 1388 tricibus
1444 1341 1652 1386 novae
1707 1320 2089 1403 Vespasiani
2131 1334 2434 1384 monetae
2488 1342 2626 1384 ser·
2739 1342 2907 1384 mam
2970 1319 3184 1384 redint
3248 1319 3631 1404 adoptasse,
3685 1319 4072 1404 simpliciter
4126 1323 4229 1384 iu·-

1126 1424 1377 1491 vituris.
1454 1424 1541 1483 Et
1588 1442 1824 1486 revera
1869 1421 2084 1483 nullus
2133 1435 2342 1484 exstat
2378 1424 2627 1506 Vespa·
2739 1424 3052 1509 scriptum
3085 1422 3364 1486 hahent:

1131 1526 1295 1590 sioni
1352 1544 1620 1599 numus,
1701 1522 1812 1606 qui
1845 1523 2234 1620 pentitulos
2277 1523 2627 1606 inscriptos
3022 1521 4211 1593 IMRCAESARNESPASIANVS.

1123 1626 1280 1689 huic
1333 1638 1582 1688 tantum
1630 1643 1802 1687 anno
1854 1622 2229 1686 necessario
2272 1638 2627 1708 competat,
3023 1624 3233 1692 AVG.
3274 1623 3418 1687 velt
3824 1641 3853 1653 ·
4018 1629 4025 1636 ‘

1126 1746 1344 1813 neque
1384 1726 1592 1809 possit
1625 1725 1694 1786 in
1738 1745 1976 1786 annum
2009 1724 2311 1808 proxime
2353 1725 2633 1810 sequen·
2744 1801 2747 1805 Α
3027 1727 3205 1806 MP.
3264 1724 3510 1792 CAES.
3557 1728 3808 1797 VESP.
3866 1728 4069 1818 ΔΥΕ.
4121 1740 4215 1792 aut

1131 1841 1270 1893 tem
1306 1826 1584 1891 differri.
1666 1830 2043 1888 Interea-ex
2070 1825 2351 1889 residuis
2382 1817 2657 1911 Vespass
3027 1827 3349 1891 similiter.
4022 1845 4033 1862 ·

1130 1917 1306 1996 siani'
1359 1930 1574 1992 aureis
1641 1926 2100 2009 argenteisque
2162 1927 2373 1991 numis
2418 1940 2632 1990 ‘erunt
2746 1928 3057 1992 Ceterum
3108 1928 3443 2006 exisn‘mo,
3492 1941 3633 1991 tuto
3671 1928 3755 1992 ad
3784 1929 3963 1990 hune
4007 1947 4215 1990 annum

1123 2051 1261 2097 nen
1304 2030 1528 2115 pauci,
1584 2029 1695 2112 qui
1744 2029 1874 2092 hoc
1919 2027 2130 2091 adhuc
2167 2050 2337 2093 anno
2379 2028 2633 2094 fuerint
2743 2029 2991 2094 referri
3022 2048 3216 2115 posse
3248 2044 3603 2114 sequentes
3642 2051 3912 2093 numos:

1135 2133 1414 2219 signati,
1480 2129 1789 2193 nimirum
1846 2143 2030 2194 extra
2082 2131 2340 2197 urbem.
2442 2131 2637 2196 Tuci·
3026 2131 3205 2194 mv.
3223 2132 3584 2194 CAESAR.
3600 2127 4212 2219 yESPASIANVS.

1126 2248 1265 2308 tue,
1324 2232 1436 2296 nbi
1473 2232 1712 2316 primas
1744 2229 1906 2293 belli
1938 2231 2248 2295 adversus
2285 2171 2671 2300 Vitellium(
3024 2231 3390 2297 AVG.'1·R.
3426 2233 3504 2298 P.
3548 2235 3762 2311 Caput
3796 2232 4182 2294 laureatum.

1130 2357 1171 2399 a
1245 2325 1654 2418 Vespasiaiio
1724 2334 2012 2417 suscepti
2092 2354 2281 2398 curas
2368 2355 2665 2428 emme-l
2749 2333 3035 2401 TITVS.
3065 2335 3208 2404 ET,
3249 2332 3716 2397 DOMITIAN.
3761 2330 4215 2394 CAESARES.

1130 2448 1233 2499 rat
1275 2436 1379 2518 ⁸),
1459 2435 1635 2497 inter
1698 2434 1994 2518 reliquos
2051 2449 2394 2517 apparatus
2458 2455 2637 2499 com·
2746 2436 2977 2500 PRIN.
3011 2436 3246 2504 IVEN.
3288 2436 3441 2519 (sic)
3481 2436 3551 2496 in
3583 2435 3747 2498 alies
3790 2435 4027 2499 PRIN.
4064 2432 4218 2500 ΠΝ.

1138 2549 1464 2602 memorat
1501 2535 1736 2599 etiam:
1789 2539 1968 2617 apud
1991 2538 2486 2600 Antiochenses
2519 2558 2637 2598 au·
2753 2537 2921 2621 (sic)
2975 2540 3044 2600 V
3039 2551 3264 2617 terque
3298 2539 3543 2600 Caesar
3579 2538 3689 2599 vel
3719 2543 3792 2599 in
3836 2537 3999 2597 citis
4026 2526 4219 2613 eqitis,

1138 2660 1285 2702 rum
1327 2652 1801 2720 argentumque
1829 2639 2159 2717 signatur.
2207 2637 2474 2699 Constat
2494 2682 2513 2714 ‚
2555 2635 2638 2701 ad
2752 2638 2863 2700 vel
2878 2638 3084 2699 sellae
3109 2639 3329 2699 curuli
3358 2640 3675 2715 insidens,
3708 2640 3778 2700 d.
3792 2656 4071 2699 ramum.
4096 2633 4217 2700 AV.

1136 2738 1572 2824 imperatores
1622 2735 2018 2822 pertinuisse
2066 2736 2327 2820 signare
2365 2760 2593 2801 aurum
2616 2783 2645 2817 ,.
2755 2738 2897 2799 AB.
2936 2739 3134 2820 (Mus.
3170 2736 3386 2818 Caes.)

1135 2852 1206 2905 et
1235 2852 1610 2922 argentum,
1649 2837 1744 2900 uti
1769 2857 1897 2918 ‘aes
1939 2835 2022 2900 ad
2055 2851 2368 2901 senatum.
2416 2841 2640 2933 Quare
2885 2839 2988 2899 Ex
3021 2838 3239 2902 luxata
3277 2837 3765 2920 orthographia,
3797 2840 4046 2922 scripto
4074 2854 4228 2899 nem·

1077 2919 1104 3008 s
1137 2964 1368 3008 aurum
1406 2954 1649 3005 tantum
1676 2984 1695 3017 ,
1756 2951 1827 3001 et
1859 2953 2204 3024 argentum
2246 2940 2475 3003 Tacito
2511 2962 2648 3005 me·
2761 2959 2845 3022 pe
2880 2939 3116 3009 IVEN.
3155 2940 3260 3004 vel
3311 2940 3487 3006 IVN.
3528 2959 3651 3022 pro
3686 2940 3992 3007 IVVEN.
4032 2935 4230 3005 verisi-

1067 3015 1081 3070 J
1140 3056 1466 3121 moratur,
1519 3042 1588 3104 in
1624 3040 1800 3124 quod
1837 3054 2082 3104 tantum
2115 3042 2216 3125 jus
2242 3043 2647 3126 Vespasiano
2764 3041 2921 3103 mile
2977 3029 3089 3118 fit,
3146 3041 3270 3103 hos
3330 3060 3563 3104 numos
3609 3020 3755 3104 esse
3799 3061 3888 3104 ex
3931 3041 4044 3117 iis,
4094 3054 4230 3124 quos

1139 3146 1285 3223 fuit,
1334 3145 1582 3207 omisso
1631 3161 1825 3219 aere,
1885 3142 1968 3204 ad
2026 3142 2200 3227 quod
2266 3144 2649 3227 signandum
2765 3141 3152 3205 Antiochiae
3211 3141 3332 3204 sub
3389 3142 3771 3226 Vespasiani
3832 3142 4017 3205 initia
4057 3140 4233 3223 signa·

1146 3245 1470 3310 accedere
1518 3244 1743 3308 debuit
1797 3256 2057 3306 senatus
2109 3245 2486 3322 auctoritas,
2533 3247 2652 3308 sed
2766 3258 2868 3306 tos
2924 3242 3093 3318 dixi,
3152 3240 3530 3305 fallentibus
3591 3264 3713 3328 per
3771 3243 4228 3307 festinationem

1083 3335 1259 3433 *qui
1289 3347 1419 3410 hoc
1457 3355 1632 3409 anno
1655 3344 1865 3409 adhuc
1910 3345 1976 3405 in
2026 3359 2351 3428 potestate
2395 3346 2653 3412 Vitellii
2770 3344 2911 3427 ejus
2979 3343 3161 3406 urbis
3221 3344 3640 3423 monetariis,
3717 3345 3933 3429 iisque
3991 3339 4229 3407 Latinae

1147 3449 1293 3512 fait.
1387 3448 1665 3530 Ex·quo
1719 3423 2179 3529 eon'sequitur,
2210 3447 2656 3532 quemadmo·
2769 3446 3032 3530 linguae
3083 3445 3296 3508 minus
3350 3447 3613 3530 peritis,
3676 3468 4037 3534 quanquam
4084 3442 4230 3529 prio·

1151 3551 1306 3614 dum
1364 3562 1542 3613 certa
1602 3546 1875 3611 historia
1933 3547 2177 3627 refert,
2259 3549 2462 3612 fuisse
2521 3550 2650 3613 hoc
2767 3548 2860 3610 ris
2918 3546 3097 3610 modi
3153 3547 3387 3611 altiore
3428 3548 3620 3612 etiam
3666 3571 3833 3616 aevo
3884 3548 4108 3615 videre
4152 3554 4233 3607 est

1019 3683 1119 3733 ‚s
1155 3653 1285 3736 jam
1338 3670 1505 3714 anno
1553 3649 1837 3732 signatos
1886 3670 2123 3712 aureos
2169 3664 2649 3735 argenteosque
2769 3651 3104 3734 exempla,
3176 3670 3347 3733 quae
3424 3649 3723 3715 dedimus
3794 3650 4123 3716 volumine
4163 3645 4228 3714 V.

1158 3749 1546 3835 Vespasiani
1625 3771 1893 3827 numos,
1965 3749 2082 3813 s‘ed
2150 3765 2335 3813 extra
2382 3752 2611 3815 urbem
2633 3798 2652 3829 ‚
2769 3771 2835 3834 p.
2862 3748 2987 3814 213
3020 3733 3091 3813 et
3120 3751 3276 3828 205,
3307 3751 3466 3836 quin
3500 3766 3569 3814 et
3597 3753 3666 3814 in
3698 3752 3969 3816 lucerna
3998 3753 4062 3813 in
4082 3751 4229 3812 Her·

1157 3854 1246 3916 ita
1308 3872 1391 3915 ex
1443 3871 1669 3913 rerum
1725 3865 2072 3936 gestarum·
2111 3851 2346 3915 ordine
2401 3868 2654 3916 certum
2770 3850 2987 3916 culani
3032 3852 3238 3915 ruinis
3265 3867 3532 3938 reperta
3564 3853 3811 3937 legitur
3840 3853 4099 3919 NOVM
4118 3866 4227 3934 pro

1161 3956 1355 4020 etiam
1405 3972 1582 4028 esse,
1632 3973 1874 4018 aeneos
1923 3966 2081 4016 nota
2135 3953 2201 4016 S.
2235 3954 2309 4019 C.
2363 3953 2653 4039 insignes
2766 3954 3094 4023 NOVVM
3121 3950 3211 4033 ¹’).
3311 3956 3529 4039 Atque
3574 3968 3647 4017 ut
3684 3956 4114 4039 Vespasianus
4150 3949 4227 4014 hi·

1157 4058 1310 4120 huic
1344 4076 1509 4119 anno
1543 4054 1740 4140 adfigi
1772 4075 1902 4118 non
1950 4075 2167 4140 posse.
2565 4103 2571 4110 .
2768 4076 2891 4119 nos
2921 4075 3073 4118 suos
3103 4053 3275 4119 filios
3306 4057 3497 4138 jussit
3525 4056 3728 4118 inseri
3756 4053 4076 4134 monetae,
4109 4071 4229 4119 eos·

1284 4157 1593 4240 Aiebam,
1649 4158 1772 4220 etsi
1813 4156 1944 4220 hoc
1986 4177 2153 4220 anno
2209 4156 2348 4221 cusi
2384 4156 2654 4242 fuerunt
2771 4171 2900 4243 que
2942 4157 3302 4221 insidentes
3345 4158 3569 4244 equis,
3641 4158 3736 4222 sic
3797 4158 4090 4235 credam,
4147 4171 4229 4216 se·

1161 4261 1339 4323 numi
1380 4261 1594 4336 aurei,
1657 4272 1723 4322 et
1764 4258 2096 4341 argentei,
2155 4271 2372 4321 tamen
2418 4257 2653 4323 deesse
2773 4260 3057 4323 cundum
3118 4260 3245 4325 hoc
3291 4260 3666 4343 exemplum
3709 4260 4099 4323 Antiochum
4132 4253 4227 4320 tv.

1165 4347 1353 4426 nobis
1409 4376 1587 4425 certa
1649 4380 1880 4423 eorum
1957 4360 2243 4424 criteria.
2333 4360 2464 4452 Qui
2516 4363 2656 4425 TR.
2772 4362 3023 4429 vicinae
3058 4362 3531 4446 Commagenes
3575 4374 3984 4445 tumn-egem
4018 4369 4233 4420 utrum·

1165 4466 1239 4527 P.
1277 4463 1554 4539 addunt,
1626 4464 1820 4525 etiam
1875 4464 2025 4525 anni
2087 4462 2419 4545 sequentis
2474 4461 2658 4524 dimis-
2774 4485 2900 4549 que
2953 4486 3139 4528 suum
3182 4464 3388 4526 filium
3437 4463 3623 4549 equis
3668 4462 3826 4527 item
3870 4458 4230 4525 insidentem

1029 3333 1080 3344 Μ

1160 4635 4219 4670 ‘mm—*d

1248 4779 1309 4849 a)
1349 4767 1500 4832 nist‘.
1522 4774 1592 4831 11.
1627 4784 1712 4837 82.
1863 4773 1931 4846 b)
1970 4772 2238 4830 Lucerne
2273 4771 2528 4832 d’Ercol.
2561 4772 2800 4832 tab.V[.
