4509 5584
1068 527 1201 603 162
1534 587 1541 594 .
1584 595 1597 616 ,

1051 689 1127 750 Ρ.
1153 682 1550 750 L101N1v8.
1608 678 1943 747 STOLO..
1980 679 2298 746 PRAEF.
2346 682 2545 749 vnn.

2252 511 2364 602 M.
2422 507 2963 583 AGRIPPA.

2663 698 2747 742 eo
2798 689 2991 761 caput
3033 675 3311 761 Augusti
3343 674 3660 761 agnoscit.
3739 675 4020 763 Vtrique
4062 690 4158 742 ta·

1050 789 1319 856 mvm.
1363 784 1443 848 A.
1495 784 1577 846 A.
1617 785 1696 847 A.
1730 782 1807 872 F.
1846 783 1922 844 F.
2014 782 2330 865 Clypeus,
2385 804 2550 867 pars
2621 801 2816 868 ⁷men
2871 778 3132 843 erudito
3206 779 3350 843 viro
3407 778 3726 852 numisma
3779 783 4157 866 suspectum

1045 894 1270 965 navis,
1307 889 1625 970 pharetra
1643 928 1661 961 ,
1702 902 1875 966 apex
1896 882 2330 967 pontfficalis.
2397 884 2542 952 AE.

1043 1010 1217 1053 max.
1248 987 1421 1053 mod.
1450 983 1876 1071 praegrandis
1913 985 2286 1052 voluminis.
2333 988 2541 1070 (Mus.

1045 1079 1267 1177 Caes.)

1354 1192 1568 1269 Caput
1594 1188 1854 1273 puerile
1895 1188 2164 1254 nudum.

1043 1297 1119 1357 P.
1142 1292 1540 1361 LICINIVS.
1584 1287 2213 1362 STOLO.111V1R.
2260 1290 2341 1353 A.
2363 1291 2440 1351 A.
2459 1290 2542 1355 A.

1039 1398 1118 1459 F.
1160 1397 1240 1459 F.
1288 1396 1642 1458 inmedio:
1722 1392 1790 1455 S.
1828 1391 2184 1454 C.AE.1.
2242 1390 2546 1468 (Metelli

1040 1499 1113 1560 in
1170 1500 1341 1580 Aug.
1384 1495 1513 1559 tab.
1545 1494 1752 1561 XXV.
1805 1513 1869 1553 n.
1906 1511 2001 1572 tq.
2050 1513 2134 1554 ex
2182 1511 2347 1555 mus.
2400 1512 2545 1576 reg.

1040 1599 1212 1663 Gall.
1267 1595 1620 1681 Spanheim
1682 1614 1768 1657 ex
1820 1595 1990 1659 Mus.
2051 1592 2297 1658 Medic.
2349 1597 2543 1660 Tem.

1040 1701 1125 1764 11.
1157 1721 1221 1784 p.
1256 1698 1434 1781 316.)

1054 1855 1060 1860 .
1171 1801 1423 1862 Numus
1473 1799 1658 1884 prior
1708 1818 1792 1861 ex
1840 1798 2138 1860 Romano
2178 1795 2545 1859 carthusia·

1038 1922 1278 1965 norum
1353 1922 1580 1963 museo
1633 1900 1701 1961 in
1744 1900 2137 1961 Caesareum
2204 1897 2543 1979 migravit,

1041 2017 1110 2067 et
1165 2017 1357 2087 caput
1400 2000 1651 2066 atiticae
1708 2021 1831 2084 pro
1878 2000 2198 2061 Marcello
2255 1998 2548 2062 vendita-

1037 2118 1177 2167 tum
1229 2104 1386 2184 fuit,
1439 2123 1569 2188 quo
1620 2102 1922 2178 nomine,
1972 2101 2095 2187 etsi
2130 2121 2243 2166 ,ex.
2264 2100 2544 2163 aliorum

1035 2207 1257 2290 potius
1311 2205 1670 2281 sententia,
1729 2203 1941 2266 editus
1987 2216 2087 2266 est
2132 2223 2167 2264 a
2202 2201 2544 2265 Frfilichio

1038 2308 1109 2369 in
1153 2307 1433 2371 Cimelio
1473 2302 1973 2375 vindobonensi
2012 2315 2194 2386 parte
2236 2306 2320 2367 11.
2367 2305 2546 2363 Eun-

1040 2408 1199 2473 dem
1246 2408 1645 2474 delineatum
1716 2406 1877 2469 stitit
1933 2406 2422 2485 Havercampus
2475 2405 2545 2467 in

1039 2508 1218 2575 edito
1254 2531 1291 2573 a
1324 2530 1397 2575 se
1424 2508 1676 2576 orosio
1714 2506 1796 2571 ad
1829 2508 1908 2572 L.
1942 2509 2056 2576 Vl.
2088 2527 2148 2573 c.
2196 2524 2313 2587 ao,
2373 2520 2438 2570 at
2474 2506 2542 2567 in

2658 882 2941 968 videtur.
3017 884 3107 945 At
3151 901 3257 944 me
3311 879 3526 963 judice
3555 901 3688 944 non
3722 880 3897 944 inter
3927 902 4155 968 suspe-

2661 998 2794 1062 cta,
2854 983 2972 1047 sed
3031 982 3239 1068 palam
3296 982 3658 1046 adulterina
3704 980 4153 1066 ablegabitur,

2660 1084 2837 1171 quod
2890 1084 3049 1147 mihi
3094 1085 3261 1146 illud
3324 1083 3630 1150 adcurate
3685 1084 4155 1168 contemplanti

2661 1208 2746 1251 ex
2796 1186 3076 1263 fabrica,
3126 1186 3399 1271 aliisque
3454 1184 3665 1254 modis
3699 1186 3892 1276 facile
3921 1187 4152 1271 patuit.

2657 1289 2748 1351 Et
2795 1288 3147 1351 ridiculum
3200 1309 3392 1368 sane,
3459 1293 3871 1372 praefixo-tum
3925 1292 4149 1365 urbis,

2661 1371 2839 1474 quod
2874 1412 3103 1453 munus
3136 1390 3395 1454 nonnisi
3428 1390 3583 1454 viris
3627 1390 3923 1469 summis,
3972 1403 4040 1452 et
4067 1389 4149 1453 ab

2658 1492 2803 1554 aliis
2841 1491 3210 1554 honeribus
3252 1491 3619 1576 conspicuis
3669 1492 3955 1556 delatum
3989 1491 4150 1569 fuit,

2660 1592 2898 1655 eodem
2957 1606 3259 1678 tempore
3337 1593 3540 1656 fuisse
3596 1593 3789 1657 etiam
3847 1594 4150 1659 lIlvirum

2657 1694 3094 1780 monetalem,
3150 1715 3338 1780 ,quae
3414 1695 3693 1777 dignitas
3768 1695 3977 1780 prima
4029 1695 4153 1759 fuit

2658 1795 2774 1874 iis,
2821 1796 2932 1879 qui
2963 1796 3045 1858 ad
3070 1818 3279 1881 remp.
3311 1811 3752 1861 accesserunt.

2782 1899 3065 1960 Numum
3124 1897 3403 1962 alterum
3471 1900 3960 1983 Havercampus
4013 1897 4154 1981 Caji

2658 2000 2954 2063 Caesaris
2988 2020 3133 2063 esse
3164 2013 3346 2084 putat
3376 2002 3470 2083 ⁸),
3511 2000 3944 2083 spanhemius
3978 2003 4152 2063 Mar-

2659 2102 2838 2166 celli.
2904 2101 3041 2192 Alii
3076 2102 3383 2184 juvenem
3421 2103 3786 2185 Augustum
3812 2101 4154 2185 praetule-
4195 2151 4204 2162 .
4301 2148 4332 2169 0

2658 2224 2755 2267 re.
2833 2203 3000 2265 Mihi
3029 2202 3100 2263 hi
3140 2223 3400 2287 quoque
3448 2205 3630 2265 numi
3672 2204 4022 2268 adulterini
4059 2206 4153 2280 vig·

2659 2304 2897 2369 dentur
2939 2326 3088 2368 cum
3139 2305 3227 2367 ob
3282 2305 3438 2369 alias
3488 2326 3747 2381 causas,
3802 2320 3938 2369 tum
3975 2303 4154 2391 quod
4227 2375 4232 2380 ,

2658 2407 2778 2471 sub
2811 2407 3094 2491 Augusti
3131 2405 3409 2489 imperio
3456 2406 3790 2470 rarissime
3827 2408 3896 2470 in
3928 2408 4148 2473 aeneis

2660 2513 2711 2576 Ι.
2732 2508 2988 2574 formae
3020 2508 3229 2594 capita
3259 2507 3504 2592 signari
3530 2510 3658 2573 sint
3693 2509 3902 2573 solita.

2241 2788 2346 2883 M.
2396 2785 2950 2854 AGRIPPA.

1161 2959 1254 3020 M.
1286 2944 1663 3041 Vipsanius'
1688 2955 1983 3039 Agrippa
2056 2967 2186 3017 tam
2229 2952 2536 3017 'obscuris

1035 3058 1353 3121 natalibus
1435 3071 1617 3122 ortus
1679 3056 1840 3134 fuit,
1914 3068 1986 3117 ut
2040 3056 2181 3139 ipse
2244 3056 2540 3140 Vipsanii

1037 3181 1283 3223 nomen
1314 3160 1511 3245 quasi
1569 3162 2041 3241 argumentum‘
2069 3172 2379 3241 paternae
2424 3158 2542 3220 hu-

1034 3260 1326 3325 militatis
1365 3262 1666 3337 tolleret,
1701 3273 1768 3322 et
1802 3280 1874 3322 se
1908 3271 2153 3320 tantum
2184 3263 2277 3324 Μ.
2308 3259 2542 3343 Agrip-

1036 3386 1189 3447 pam
1251 3362 1386 3426 dici
1447 3363 1654 3427 vellet
1697 3357 1801 3442 l³),
1860 3361 2198 3446 nolletque
2245 3360 2540 3445 Caligula

1039 3463 1124 3527 ob
1193 3463 1668 3549 ignobilitatem
1731 3462 1873 3545 ejus
1936 3481 2009 3523 se
2067 3453 2175 3525 vel
2227 3477 2539 3545 nepotem

1033 3567 1256 3644 credi,
1301 3567 1413 3632 vel
1449 3564 1578 3629 dici
1620 3566 1700 3647 c).
1765 3565 1928 3626 Cum
1952 3563 2208 3626 Plinius
2238 3585 2403 3648 ‚eum
2445 3564 2540 3625 di-

1036 3682 1140 3732 cat
1197 3681 1527 3730 mortuum
1579 3665 2115 3752 quinquagesimo
2168 3660 2381 3756 primo
2432 3686 2538 3730 ac·

1033 3771 1210 3835 tatis‘
1262 3789 1464 3846 ann0,
1564 3781 1632 3833 et
1705 3768 2014 3832 Nicolaus
2095 3769 2538 3833 Damasccnus

1036 3873 1336 3958 Augusto
1396 3871 1710 3947 maiorem
1774 3884 1929 3932 natu
1987 3869 2282 3950 adserat,
2365 3872 2540 3935 eruit

1036 3994 1119 4038 ex
1181 3974 1285 4036 his
1338 3971 1725 4064 testimoniis
1774 3972 2105 4048 Norisius,
2174 3973 2535 4058 Agrippam

1030 4089 1252 4140 natum
1308 4075 1583 4140 ineunte
1636 4094 1805 4139 anno
1865 4075 1946 4142 V.
1991 4077 2068 4141 C.
2127 4071 2243 4157 (ιφ
2302 4074 2386 4158 d).
2475 4077 2535 4137 A

1029 4199 1241 4263 puero
1290 4176 1484 4240 simul
1536 4198 1685 4241 cum
1735 4176 2011 4241 Octavio
2064 4176 2409 4254 educatus,
2459 4198 2534 4242 ac

1031 4279 1350 4368 singulari
1393 4273 1675 4344 amicitia
1703 4267 2274 4361 conjunctissimus
2297 4279 2422 4344 fuit
2452 4284 2536 4364 θ).

2653 2954 3049 3040 Apolloniae
3122 2955 3321 3018 etiam
3376 2976 3526 3020 cum
3586 2976 3669 3020 eo
3729 2957 4142 3034 versabatur,

2655 3079 2799 3122 cum
2852 3058 3125 3121 nuncius
3170 3057 3254 3122 de
3283 3055 3498 3122 caede
3543 3060 3592 3119 I.
3642 3058 3937 3122 Caesaris
3977 3060 4148 3123 adla-

2656 3174 2759 3222 tus
2794 3141 2902 3222 est‘
2944 3158 3021 3243 ί).
3077 3158 3374 3228 'Arduum
3408 3159 3648 3224 deinde
3679 3177 3864 3223 suum
3901 3181 3978 3224 ac
4010 3161 4148 3243 ple·

2657 3283 2812 3324 num
2864 3262 3178 3347 periculis
3226 3262 3631 3360 propositum
3671 3263 3917 3344 urgens
3952 3263 4147 3327 Octa-

2655 3365 2879 3429 vianus
2935 3362 3099 3424 nihil
3158 3364 3328 3448 egit,
3393 3364 3518 3426 nisi
3573 3365 3876 3441 conscio,
3917 3365 4146 3443 ‘duces

2644 3486 2730 3529 ‘ac
2782 3463 3182 3549 adprobante
3244 3465 3559 3551 Agrippa.
3647 3469 3862 3552 Hujus
3914 3467 4143 3533 virtuti

2656 3566 2883 3630 debuit
2912 3580 3307 3630 summotum
3346 3568 3500 3633 Sex.
3527 3569 3953 3653 Pompeium,
3989 3590 4145 3632 exu-

2653 3680 2792 3730 tum
2894 3667 3173 3753 imperio
3260 3673 3354 3734 M.
3424 3671 3815 3749 Antonium,
3929 3672 4142 3736 victos

2643 3769 3045 3848 Cantabros,
3115 3783 3184 3833 et
3232 3772 3540 3850 Astures,
3602 3775 4019 3858 Bosporanos
4059 3775 4143 3838 ad

2654 3870 3037 3958 obsequium
3104 3888 3486 3952 revocatos,
3561 3887 3631 3938 et
3684 3889 3971 3959 pacatam
4028 3898 4143 3961 po-

2652 3983 2898 4039 strema
2971 3973 3392 4058 expeditione
3468 3976 3898 4059 Pannoniam,
3974 3999 4139 4064 quae

2650 4075 2827 4140 bella
2876 4078 3091 4142 omnia
3127 4101 3320 4163 supra
3365 4078 3432 4140 in
3467 4080 3766 4163 Angusto
3797 4100 3924 4164 per
3951 4103 4142 4145 anna·

2631 4179 2751 4244 ‘les
2812 4179 3064 4265 digesta
3122 4180 3444 4264 reperies.
3523 4181 4143 4268 Meritorum'prae·

2651 4281 2777 4345 mia
2815 4281 3006 4347 fuere
3040 4282 3409 4346 consulatus
3444 4285 3653 4361 terni,
3703 4305 3981 4370 quorum
4012 4287 4145 4371 pri·

2291 4447 2298 4452 ,
2771 4445 2775 4450 .

1108 4566 1175 4632 a)
1213 4562 1310 4619 Ad
1337 4560 1591 4619 Morellii
1624 4562 1813 4639 Impp.
1844 4581 1906 4640 p.
1928 4573 2054 4627 351.

1032 4650 1223 4727 Calig.
1258 4664 1418 4720 απ.
1569 4652 1640 4726 d)
1682 4653 1892 4713 Cenot.
1922 4652 2041 4712 Pis.
2075 4651 2216 4712 diss.
2243 4654 2320 4714 11.
2355 4667 2478 4715 σα.

1031 4742 1093 4799 in
1116 4741 1267 4818 Aug.
1306 4759 1355 4798 c.
1379 4749 1468 4813 94.

2227 4563 2299 4636 b)
2345 4563 2572 4623 Seneca
2598 4564 2662 4621 L.
2684 4564 2756 4622 11.
2794 4577 3154 4624 controvers.
3184 4566 3313 4624 XII.
3346 4567 3476 4625 sub.
3509 4568 3610 4628 fin.

2628 4657 2692 4729 e)
2730 4653 2923 4714 Nicol.
2956 4657 3227 4715 Damaso.
3262 4655 3337 4713 de
3376 4657 3548 4717 educ.
3580 4661 3728 4736 Tug.

3709 4620 3715 4628 .
3774 4573 3837 4644 c)
3874 4573 4039 4642 Suet,
4077 4575 4140 4631 in

3876 4665 3932 4734 f)
3977 4663 4140 4723 Suet.
