4509 5584
1049 510 1146 647 5³6
2197 552 2298 626 u.
2365 498 3019 628 ANTo'mvs.

1038 750 1128 797 ex
1160 728 1245 797 A.
1272 720 1357 795 D.
1378 724 1464 797 V.
1486 720 1628 795 1101.
1653 722 2063 791 Decembres
2080 769 2097 807 ,
2116 737 2203 811 ,ut
2230 723 2538 811 probabi-

1040 848 1156 898 tur
1185 832 1253 896 in
1285 828 1503 895 numia
1529 829 1830 916 Augusti.

1417 1073 1499 1136 V.
1540 1071 1613 1135 0.
1645 1089 1765 1152 7¹¹
1806 1068 1904 1135 A.
1929 1068 2026 1137 λ’.
2060 1066 2167 1148 43.

1222 1172 1527 1238 IIIVIR.
1570 1174 1649 1235 R.
1685 1173 1763 1238 Ρ.
1801 1174 1875 1238 C.
1914 1171 2112 1237 COS.
2140 1168 2346 1233 [MP.

1162 1342 1239 1401 In
1282 1337 1769 1423 provinciarum
1832 1335 2154 1401 divisione
2213 1332 2536 1419 Antonius

1032 1440 1318 1506 'Galliam
1344 1461 1578 1506 novam
1598 1483 1617 1517 ,
1645 1453 1713 1502 et
1741 1437 2131 1521 Cisalpinam
2163 1435 2398 1514 aufert,
2429 1456 2544 1502 ve·

1037 1558 1183 1607 tere
1216 1564 1336 1607 seu
1362 1541 1774 1606 Narbonensi
1803 1538 2059 1624 Lepido
2094 1559 2219 1600 una
2248 1557 2396 1601 cum
2423 1538 2543 1599 Hi·-

1042 1643 1264 1730 spania
1291 1643 1552 1709 tributa.
1583 1642 1845 1704 Bellum
1874 1643 1941 1703 in
1969 1642 2268 1718 Brutum,
2305 1652 2375 1702 et
2392 1639 2542 1703 Cas·

1043 1748 1211 1811 sium
1240 1757 1593 1830 comparat.
1628 1744 1823 1828 (Dio,
1857 1742 2158 1828 aliique.)

1656 1947 1942 2012 Numi.-

1369 2051 1462 2111 Μ.
1495 2049 1824 2113 ANTON.
1867 2048 2044 2111 IMP.
2098 2047 2173 2108 in
2203 2046 2408 2110 aliis.-
2448 2048 2541 2111 M.

1366 2151 1701 2215 ANTON.
1742 2151 1920 2212 IMP.
1949 2150 2031 2212 R.
2076 2148 2154 2216 P.
2187 2149 2262 2214 C.
2329 2149 2544 2230 Caput

1377 2254 1677 2316 Antonii
1711 2254 1960 2314 nudum
2001 2248 2385 2325 barbatum,
2428 2267 2545 2331 po-

1373 2352 1718 2416 'ne-lituus.

1047 2453 1413 2518 CAESAR.
1445 2454 1613 2518 DIC.
1686 2454 1904 2536 Caput
1942 2452 2008 2519 Ι.
2050 2452 2360 2516 Caesaris
2397 2450 2546 2539 Ιᾳα-

1044 2569 1340 2633 reatum‚
1367 2577 1539 2639 pone
1573 2576 1828 2619 urceus.
1861 2554 2004 2618 AB.
2038 2555 2241 2637 (Mus.
2277 2552 2500 2635 Caes.)

1175 2658 1406 2724 Visum
1450 2654 1839 2731 Vaillantio,
1894 2656 2204 2739 aliisque,
2257 2652 2544 2738 signatos

1007 2804 1022 2813 -
1046 2765 1169 2825 hos
1213 2780 1446 2841 numos
1491 2779 1658 2822 anno
1693 2760 1777 2826 V.
1807 2759 1878 2820 C.
1908 2756 2083 2841 706,
2112 2756 2223 2821 vel
2268 2776 2546 2841 sequen·

1049 2878 1153 2941 te,
1241 2859 1498 2946 quando
1557 2874 1707 2943 post
1760 2880 2047 2944 pugnam
2100 2858 2544 2923 Pharsalicam

1050 2968 1099 3026 1.
1146 2965 1388 3027 Caesar
1444 2963 1807 3046 appellatus
1870 2961 2150 3024 dictator
2204 2962 2298 3024 M.
2342 2960 2546 3023 Anto·

1046 3068 1230 3151 pium
1275 3064 1401 3130 sibi
1456 3065 1840 3150 magistrum
1896 3062 2190 3148 equitum
2255 3061 2546 3129 adscivit.

1052 3166 1204 3263 Quo
1248 3188 1413 3234 vero
1456 3169 1668 3229 minus
1715 3178 1977 3228 mortuo
2007 3185 2123 3229 eos
2152 3166 2432 3228 Caesare
2465 3164 2544 3226 si·

1049 3284 1281 3353 gnatos
1323 3281 1627 3352 putarent
1651 3311 1670 3344 ,
1712 3288 1943 3331 causae
1988 3267 2179 3330 fuere
2222 3266 2544 3351 primum,

1049 3372 1227 3456 quod
1260 3371 1327 3432 iu
1362 3370 1462 3432 his
1494 3370 1732 3434 Caesar
1776 3368 2164 3452 simpliciter
2207 3368 2547 3445 DICtatorj

1050 3474 1291 3536 dicitur
1316 3516 1335 3550 ,
1400 3492 1550 3535 cum
1586 3490 1744 3535 sane
1776 3474 2072 3533 dictator
2095 3482 2415 3554 perpetuo
2450 3468 2547 3530 di-

1052 3574 1299 3639 cendus
1356 3574 1628 3651 fuisset,
1701 3585 1811 3635 aut
1870 3571 2066 3635 etiam
2120 3574 2358 3649 divus,
2434 3584 2544 3634 aut

1051 3677 1269 3763 aliqua
1328 3676 1557 3740 saltem
1621 3675 1763 3758 ejus
1818 3671 2183 3738 consecrati
2240 3686 2394 3737 nota
2436 3672 2546 3736 ad·

1053 3777 1301 3855 denda;
1390 3778 1666 3855 deinde,
1746 3775 1923 3863 quod
1965 3775 2031 3838 in
2075 3776 2177 3841 bis
2221 3758 2544 3844 Antonius

1052 3880 1328 3945 dicitur:
1370 3882 1549 3944 IMP.
1582 3882 1667 3943 R.
1694 3878 1773 3944 Ρ.
1810 3880 1917 3955 C.,
1977 3894 2041 3942 at
2068 3901 2233 3945 vero
2264 3881 2320 3944 si
2354 3882 2548 3945 dena·

1050 3982 1139 4045 rii
1179 3982 1252 4045 hi
1294 3981 1432 4047 cusi
1468 3980 1747 4046 fuissent
1788 3994 1939 4069 post
1971 3982 2266 4046 Caesaris
2306 4005 2543 4048 necem

1053 4087 1121 4148 in
1178 4076 1460 4148 'Antonii
1511 4084 1816 4148 Illviratu
1841 4129 1858 4163 ,
1929 4084 2349 4149 scribendum
2407 4086 2549 4150 fue·

1053 4202 1154 4253 rat
1196 4188 1461 4257 IIIVIR.
1503 4188 1584 4249 R.
1618 4188 1694 4248 P.
1736 4187 1809 4253 C.
1870 4208 2057 4251 more
2101 4190 2388 4251 omnium
2436 4187 2549 4252 ali-

1056 4313 1246 4355 orum
1309 4291 1450 4374 ejus
1504 4309 1851 4352 numorum
1907 4289 1977 4350 in
2044 4290 2343 4355 lssviratu
2399 4313 2552 4376 per-

1057 4414 1421 4459 cussorum.
1484 4393 1671 4457 Haec
1720 4413 1887 4476 erge
1930 4392 2206 4477 dignitas
2251 4416 2398 4459 cum
2442 4395 2550 4459 ab·

1059 4495 1178 4572 sit,
1230 4493 1588 4559 verisimile
1634 4494 2031 4573 existimant,
2080 4497 2433 4561 Antonium
2479 4498 2548 4559 in

1058 4617 1177 4671 suo
1209 4595 1499 4680 equitum
1535 4597 1911 4682 magisterio
1942 4598 2035 4661 sic
2066 4598 2270 4664 fuisse
2303 4598 2548 4663 dictum

1058 4702 1522 4783 imperatorem
1579 4700 1663 4764 R.
1721 4699 1796 4763 P.
1854 4700 1964 4776 C.,
2025 4714 2095 4763 ut
2158 4702 2397 4764 Caesar
2454 4700 2550 4763 di·

2652 723 2818 789 haec
2849 718 3063 789 videri
3095 728 3401 805 possunt,
3451 717 3569 784 sed
3603 732 3826 784 tamen
3859 733 3968 783 aut
3989 717 4155 783 falsa

2653 837 2842 904 sunt,
2919 836 3030 887 aut
3091 842 3320 908 parum
3378 822 3612 891 valida.
3697 821 4003 900 Etenim,
4085 833 4157 884 ut

2652 947 2851 1009 supra
2889 925 2960 987 iu
2997 925 3283 989 Caesare
3327 923 3650 1001 diximus,
3701 945 3786 988 ne
3830 921 3984 986 huic
4027 920 4157 1006 ipsi

2649 1028 2918 1114 quidem
2946 1027 3339 1113 permissum
3373 1026 3499 1091 fnit
3527 1039 3676 1091 ante
3705 1046 3949 1089 annum
3974 1026 4059 1092 V.
4075 1023 4151 1088 C.

2533 1186 2542 1195 .
2650 1151 2779 1215 7⁰9
2848 1129 3200 1213 imaginem
3261 1150 3444 1193 suam
3495 1141 3798 1195 monetae
3843 1126 4156 1200 ”inferi-ez

2655 1252 2781 1317 qua
2819 1252 2986 1316 ergo
3018 1231 3252 1295 fiducia
3286 1230 3504 1295 adseri
3544 1244 3794 1317 potest,
3846 1230 3948 1314 jus
3978 1225 4158 1291 istud

2656 1355 2693 1396 a
2738 1335 3017 1397 Caesare
3075 1335 3204 1418 jam
3248 1335 3333 1402 V.
3380 1335 3456 1400 C.
3501 1336 3629 1419 700
3685 1332 3888 1396 fuisse
3968 1351 4161 1395 occu-

2656 1447 2876 1518 patum
2902 1479 2920 1510 ,
2981 1448 3176 1519 atque
3239 1449 3313 1499 ut
3356 1434 3587 1499 demus
3627 1433 3953 1498 indultum
3997 1435 4158 1497 Cae·

2657 1536 2792 1600 sari
2845 1535 3186 1615 dictatori,
3251 1559 3333 1600 an
3393 1537 3586 1601 etiam
3628 1535 3914 1600 Antonio
3958 1535 4162 1620 magi·

2658 1650 2797 1700 stro
2865 1637 3210 1722 equitum?
3285 1637 3496 1701 Abest
3540 1630 3762 1701 titulus
3823 1636 4159 1702 dictatoris

2658 1741 2999 1825 perpetui,
3110 1752 3202 1819 et,
3233 1738 3746 1825 consecrationis
3804 1738 4160 1814 indicium;

2660 1830 2893 1912 verum
2936 1841 3098 1906 haec
3154 1839 3388 1904 absunt
3431 1862 3690 1927 quoque
3737 1841 3807 1902 in
3862 1840 4160 1925 pluribus

2658 1944 2802 2007 aliis
2856 1944 3105 2021 numis,
3199 1962 3363 2026 quos
3425 1965 3620 2027 supra
3662 1943 3730 2004 in
3770 1943 3947 2007 Divo
3989 1941 4161 2004 Iulio

2657 2045 2951 2111 recitavi.
3054 2043 3252 2134 Quod
3305 2043 3390 2106 ad
3467 2057 3883 2127 praetensum
3954 2042 4160 2128 impe·

2658 2146 2897 2208 rat-oris
2939 2147 3023 2212 R.
3067 2147 3147 2212 P.
3194 2147 3267 2208 C.
3329 2145 3589 2207 titulum
3635 2143 3901 2221 attinet,
3978 2145 4163 2208 novi-

2659 2268 2801 2309 mus
2860 2245 3033 2330 apud
3105 2249 3435 2311 Romanos
3495 2260 3564 2309 et
3627 2245 4012 2324 dictatores,
4092 2258 4162 2309 et

2658 2350 2928 2415 Illviros
2986 2368 3176 2413 causa
3233 2350 3401 2432 reip.
3482 2346 4011 2425 constituendae,
4093 2359 4159 2409 at

2657 2451 2878 2535 fuisse,
2924 2450 3119 2515 etiam
3176 2451 3614 2537 imperatores
3672 2452 3757 2534 ῌ.
3801 2451 3880 2513 Ρ.
3927 2449 4000 2511 C.
4027 2494 4045 2526 ,
4088 2448 4159 2509 in

2657 2555 2840 2618 *omni
2908 2553 3286 2638 antiquitate
3359 2574 3494 2617 non
3570 2548 3899 2620 novimus.
4002 2548 4159 2625 Fuit

2659 2656 3075 2739 imperatoris
3118 2655 3344 2719 titulus
3398 2668 3534 2717 tum
3576 2654 3789 2719 adhuc
3828 2665 4002 2717 totus
4041 2652 4162 2715 mi·

2656 2759 2898 2837 litaris,
2967 2770 3032 2821 at
3092 2757 3489 2820 constituere
3545 2778 3758 2842 remp.
3804 2756 3889 2820 ad
3937 2769 4159 2839 togam

2657 2860 2992 2945 pertinuit.
3076 2858 3365 2921 Perinde
3423 2858 3625 2945 igitur
3682 2860 3751 2920 in
3796 2859 3900 2922 his
3942 2858 4157 2921 nuruis

2659 2968 2897 3033 omissa
2943 2980 3043 3030 est
3086 2960 3362 3043 dignitas
3405 2960 3653 3038 Illviri,
3697 2973 3891 3046 atque
3935 2962 4003 3025 in
4047 2960 4160 3025 da-

2659 3070 2843 3133 na'rio
2876 3048 3089 3153 gentis
3123 3063 3547 3149 Calpurniae,
3593 3062 3705 3145 qui
3741 3058 4156 3126 inscribitur:

2659 3170 2884 3237 PISO.
2988 3166 3335 3232 CAEPIO.
3438 3164 3585 3226 AD.
3683 3154 4156 3232 FRVmentum

2659 3274 3098 3347 EMVndum,
3176 3268 3413 3335 omissa
3469 3281 3572 3332 est
3614 3266 3890 3353 dignitas
3934 3268 4158 3346 uviri,

2659 3376 2769 3441 vel
2813 3354 3200 3461 qnaestoris.
3247 3369 3446 3466 Quod
3488 3370 3574 3448 si,
3617 3382 3689 3432 ut
3729 3370 3968 3454 passim
4013 3376 4159 3435 cr'e·

2662 3476 2872 3553 ditur,
2918 3475 3237 3559 Antonius
3275 3473 3540 3537 barbam
3592 3473 3751 3535 aluit
3783 3473 3869 3536 ob
3904 3473 4156 3539 luctum

2659 3579 2835 3643 caesi
2887 3576 3260 3652 dictatoris,
3330 3575 3412 3638 de
3467 3595 3596 3659 quo
3649 3597 3804 3638 mox
3848 3596 4157 3661 agemus,

2662 3680 2965 3767 quoniam
3025 3681 3093 3741 in
3152 3677 3453 3742 omnibus
3513 3677 3614 3740 bis
3676 3677 3959 3743 denariis
4025 3684 4159 3740 An-

2651 3784 2877 3847 ,tonius
2945 3782 3344 3845 luculentam
3400 3777 3662 3843 barbam
3727 3781 3960 3859 habet,
4038 3800 4155 3845 ne-

2663 3906 2849 3950 cesse
2895 3898 3033 3961 est,
3074 3904 3190 3947 eos
3233 3903 3381 3946 esse
3425 3880 3693 3947 Antonii
3736 3882 3997 3947 demum
4035 3886 4154 3946 111·

2662 3988 2810 4054 viri.
2854 3987 3155 4073 Denique
3192 3982 3527 4048 adversam
3557 3986 3941 4050 sententiam
3967 4006 4153 4049 ever·

2660 4088 3002 4174 tithquod
3049 4089 3114 4150 in
3143 4087 3443 4151 omnibus
3492 4086 3592 4149 his
3638 4085 3923 4151 denariis
3957 4090 4159 4150 Anto-

2662 4191 2808 4254 nius
2849 4189 3087 4254 dicitur
3123 4191 3536 4264 IMPerator,
3588 4209 3778 4273 quam
3813 4188 3913 4251 illi
3948 4189 4160 4281 digni-

2662 4305 2864 4356 tatem
2909 4292 3170 4355 nonnisi
3205 4293 3291 4358 V.
3332 4291 3403 4354 C.
3438 4309 3566 4373 7¹⁰
3601 4290 3806 4353 fuisse
3841 4289 4154 4367 delatam,

2662 4395 2748 4459 ad
2778 4395 3028 4459 calcem
3058 4413 3406 4458 numerum
3437 4392 3641 4477 hujus‘
3659 4390 3876 4459 Illviri
3921 4391 4157 4476 proba-

2660 4497 2893 4562 bimus.

2692 4644 2708 4672 Ι
2787 4598 3132 4684 Agendum
3175 4597 3300 4681 jam
3352 4596 3548 4661 etiam
3581 4593 3665 4659 de
3695 4594 3930 4674 barba,
3986 4586 4152 4684 qu⁸ae

2660 4702 2729 4763 in
2788 4700 3085 4764 omnibus
3144 4696 3393 4777 numis,
3475 4720 3638 4785 quos
3694 4699 3775 4762 ad
3828 4700 4003 4765 hune
4045 4724 4154 4765 an-

927 4876 948 4892 ·
1058 4817 1201 4867 ctus
1255 4814 1396 4863 erat
1454 4798 1731 4864 dictator
1790 4800 1870 4866 R.
1932 4800 2005 4863 P.
2072 4805 2144 4868 C.
2237 4804 2548 4888 Speciosa
2653 4816 2809 4867 num
2854 4802 3098 4879 recito,
3155 4800 3426 4865 Antonii
3470 4822 3669 4886 genas
3715 4803 3930 4869 vestit.
4025 4806 4157 4869 Re·
