4509 5584
1529 585 1630 659 m.
1697 552 2332 663 ANTomvffi
2751 558 2762 575 “
3390 610 3488 677 5„

374 764 446 827 §e
478 784 515 826 a
547 761 831 825 Caesare
863 738 1124 841 legatos
1158 754 1613 840 repudiarent,
1648 762 1866 841 neque

369 862 780 928 deditionem
850 860 1185 934 facerent,
1272 878 1464 942 quam
1505 844 1549 922 a'
1598 860 1868 922 Canidio

370 963 541 1029 duce
572 964 655 1027 ad
695 965 1044 1026 Gaesarem
1075 959 1408 1045 transfuga
1439 961 1737 1043 proditos
1770 983 1872 1025 se-

365 1086 462 1130 se=
480 1066 961 1129 intellexerunt
989 1067 1073 1147 Ιτ).
1404 1062 1409 1065 ’

498 1170 607 1229 En
635 1166 939 1251 legiones
972 1164 1240 1228 Antonii
1264 1164 1623 1229 secundum
1642 1162 1867 1247 legem

366 1260 849 1335 drithmeticam
888 1268 1395 1351 progredientes
1411 1287 1447 1328 τι

496 1371 701 1437 LEG.
750 1360 801 1437 1‘.
905 1370 1155 1431 Numus
1226 1368 1726 1454 integerrimus,
1800 1379 1868 1431 et

366 1472 702 1552 sincerus,
760 1474 1074 1538 hactenus
1120 1492 1213 1535 ex·
1247 1472 1409 1536 solo·
1436 1493 1665 1535 museo
1710 1470 1871 1534 Cae·

365 1597 562 1642 careo
608 1576 967 1661 cognitus,⁴
1012 1574 1141 1659 nisi
1196 1573 1441 1638 addere
1488 1575 1651 1638 velis
1696 1571 1869 1635 simi-

365 1679 603 1744 lem-in
632 1677 1170 1760 catalogo-musei
1202 1676 1556 1760 Lefroyani
1591 1674 1871 1737 Liburni

365 1781 588 1859 edito,
642 1795 713 1844 et
763 1800 958 1864 quem
1006 1801 1088 1843 ex
1129 1779 1579 1843 Gorleo·citat
1616 1778 1870 1842 Medio-

362 1874 654 1948 barbus(
670 1882 807 1943 Alii
835 1882 1133 1966 inscripti
1155 1882 1356 1946 LEG.
1373 1882 1545 1946 PRI.
1579 1893 1644 1943 et
1666 1879 1868 1940 LEG.
1886 1932 1901 1941 .

363 1988 612 2052 an.
697 1984 1185 2078 ANTIQVAE.
1254 1986 1470 2048 solu'm
1536 1981 1871 2046 Goltzium

366 2102 713 2153 auctorem
741 2085 1006 2152 babent.

493 2187 698 2252 LEG.
749 2190 824 2250 11.
855 2223 945 2237 -
968 2182 1188 2255 ‘LEG.
1228 2192 1339 2255 111.
1372 2225 1460 2238 -
1482 2176 1693 2252 'LEG.
1728 2189 1870 2249 1n1.

364 2292 479 2361 vel
510 2291 626 2358 IV.
653 2326 740 2339 —
780 2290 981 2356 LEG.
1012 2291 1097 2358 V.
1556 2290 1563 2297 ”

494 2390 700 2457 LEG.
741 2393 854 2461 VI.
902 2412 1136 2454 numus
1183 2390 1432 2455 obvius.
1493 2390 1736 2454 Rarior
1767 2402 1871 2453 est

364 2495 547 2560 idam
582 2492 921 2558 restitutus
954 2494 1084 2558 hoc
1115 2493 1344 2556 modo=
1389 2493 1866 2563 ANTONIVS.

362 2597 701 2667 AVGVR.
737 2599 1002 2665 IIIVIR.
1027 2598 1108 2659 R.
1137 2599 1213 2659 P.
1243 2597 1319 2662 C.
1372 2594 1584 2660 Navis
1608 2607 1871 2677 praeto·

368 2704 505 2767 ria.
550 2697 602 2760 ae
641 2699 846 2765 LEG.
876 2701 992 2767 Vl.
1024 2697 1504 2766 ANTONIVS.
1534 2698 1687 2763 ET.
1718 2696 1870 2766 VE-

361 2804 566 2874 RVS.
609 2801 818 2871 AVG.
859 2801 1113 2865 misr:
1186 2801 1451 2880 Aquila
1494 2802 1870 2885 legionaria

360 2908 550 2970 inter
597 2907 729 2968 duo
781 2907 980 2988 signa
1022 2903 1377 2967 militaria.
1458 2903 1602 2966 AR.
1666 2904 1865 2984 (Mus.

368 3008 593 3089 Caes.)
638 3008 776 3071 Cur
811 3026 1008 3067 unum
1032 3004 1317 3089 legionis
1341 3007 1455 3073 VI.
1483 3024 1751 3067 numum
1785 3024 1869 3066 ex

362 3122 465 3174 tot
499 3109 648 3173 aliis
699 3106 1067 3172 restituerit
1104 3110 1197 3172 M.
1226 3106 1601 3182 Antoniuss
1637 3114 1867 3181 nemo,

364 3212 546 3298 quod
584 3212 836 3287 norim,
885 3209 1201 3274 hactenus
1241 3207 1586 3272 adsecutus
1629 3220 1749 3272 est.
1793 3210 1867 3268 In

363 3328 539 3400 typo·
578 3313 978 3377 Morelliano
1022 3312 1362 3396 signorum
1406 3332 1609 3373 unum
1641 3309 1869 3374 dexte·

361 3437 508 3481 ram
548 3430 874 3481 arrectam
929 3411 1267 3499 praefigit,
1324 3411 1459 3476 sed·
1497 3433 1694 3496 quem
1733 3433 1869 3475 mo-

362 3518 535 3583 dum:
579 3518 764 3581 nunti
824 3517 1071 3581 similes
1125 3514 1281 3579 hint
1308 3515 1531 3579 musei·
1562 3512 1868 3578 Caesarei

360 3642 512 3688 non·
530 3620 940 3686 confirmant.

493 3720 698 3787 LEG.
741 3723 888 3789 vll.
930 3757 1019 3770 —
1055 3717 1258 3783 LEG.
1324 3718 1497 3785 VIII.
1541 3751 1625 3767 —
1666 3718 1869 3783 LEG.

365 3827 572 3895 V1111.
615 3826 728 3890 vel
763 3825 878 3889 lx.
921 3821 1123 3885 LEG.
1157 3823 1239 3884 X.
1267 3854 1356 3870 —
1388 3819 1739 3888 LEG..xl.

493 3926 700 3993 LEG.
751 3927 897 3991 ΧΠ.
962 3925 1125 3989 vel:-
1184 3914 1867 3989 LEG.-HLAN'H·

372 4027 645 4121 QVAE.
708 4027 1028 4112 Legionis
1101 4025 1198 4092 sic
1273 4025 1486 4090 dictae
1546 4046 1863 4111 nusquam

370 4132 526 4195 alias
570 4129 646 4194 fit
686 4131 960 4195 mentio.

494 4232 693 4296 LEG.
720 4233 896 4295 XIII.
938 4268 1026 4282 —
1065 4231 1271 4296 LEG.·
1304 4232 1508 4296 XIIII.
1542 4233 1653 4295 vel
1683 4230 1860 4298 XIV.

369 4335 571 4416 (ssus.
605 4336 830 4415 Caes.)
871 4333 1074 4399 LEG.
1121 4334 1267 4404 XV.
1311 4343 1401 4383 —·‘
1439 4333 1643 4396 LEG.
1684 4334 1858 4401 XVI.

494 4434 843 4501 Motellius
893 4436 961 4498 in
1000 4435 1245 4501 familia
1273 4436 1556 4502 Antonia
1594 4436 1724 4503 tab.
1753 4437 1865 4500 XI.

371 4558 435 4604 n.
465 4547 527 4617 4.
562 4539 930 4624 quinarium
964 4537 1235 4603 obtulit=
1305 4542 1521 4622 Caput
1555 4540 1867 4624 Augusti
1914 4546 1921 4555 ‘

445 4857 503 4930 a)
538 4853 694 4916 Plut.
731 4852 796 4914 in
826 4854 965 4914 Ant.
989 4874 1050 4933 p.
1069 4862 1196 4931 947.

1346 4853 1418 4928 b)
1456 4854 1635 4917 Thes.
1667 4854 1890 4916 Brand.
1919 4856 2085 4918 ‘1'.11.
2118 4876 2178 4934 p.
2203 4866 2327 4925 538.

1989 761 2258 821 nudum.
2288 753 2571 819 aeLEG.
2613 756 2786 824 XVI.
2825 758 2959 821 Leo
3001 780 3287 827 currens.
3350 765 3486 827 Iam

1990 860 2257 922 miratus
2301 872 2400 921 est
2441 860 2963 942 Havercampus,
3033 862 3311 946 Augusti
3365 858 3502 927 riu-⁵

1992 962 2509 1024 mum·insertum
2551 963 2763 1023 numis
2795 967 2886 1027 M.
2923 964 3211 1026 Antonii.
3285 964 3486 1032 Vide-

1994 1077 2101 1125 tur
2158 1063 2504 1125 Morellius
2553 1065 2918 1148 quinarium
2973 1066 3147 1130 hunc
3191 1068 3498 1133 hausisse-

1984 1187 2082 1229 ex.
2119 1184 2347 1228 museo
2411 1165 2721 1228 electoris
2775 1167 3268 1253 Brandeburgi‚
3328 1190 3479 1233 nam

1978 1267 2261 1332 eundem
2291 1266 2460 1328 stitit*
2495 1281 2562 1330 et
2592 1270 2891 1350 Begerua
2923 1267 3010 1352 ι3),

2108 1372 2303 1434 LEG.
2332 1371 2945 1436 xv-n..vel:.1.EG.
2983 1373 3106 1440 XV
3111 1375 3191 1438 11.
3227 1373 3496 1439 CLAS··

1985 1472 2259 1561 81QAE.
2350 1474 2581 1556 Neque
2635 1473 2912 1555 legionis
2958 1495 3105 1538 cum
3148 1477 3275 1540 hoc
3321 1497 3490 1562 cog·—

1981 1576 2248 1639 nomine
2280 1587 2486 1638 stante
2517 1595 2657 1657 rep.
2692 1573 2846 1639 alibi
2887 1577 3130 1641 mentio
3170 1578 3483 1647 occurrit.

1983 1679 2272 1742 Dubium
2320 1698 2452 1741 nou
2500 1691 2658 1754 est‚.
2694 1695 2836 1739 eam
2876 1678 3068 1742 classi
3114 1678 3318 1745 fuisse
3369 1681 3482 1748 de·

1986 1782 2322 1860 minatam,
2382 1793 2452 1844 et
2512 1778 2593 1843 ab
2638 1776 2759 1843 bac
2804 1781 3311 1864 appellationem
3351 1797 3488 1848 tra»

1987 1903 2182 1948 usse.
2797 1938 2809 1951 .

2111 1983 2314 2050 LEG.
2345 1983 2580 2051 XVIII.
2609 1983 2722 2048 vel
2751 1983 2951 2051 LEG.
2983 1985 3221 2053 XVIII.
3252 1987 3494 2050 LYBI--

1986 2088 2193 2166 CAE,
2250 2089 2347 2150 sic
2394 2086 2638 2163 dictae,
2691 2105 2807 2149 seu
2849 2086 3025 2171 quod
3051 2085 3297 2171 Libyes
3332 2087 3477 2153 fue·

1985 2209 2094 2267 re,
2137 2189 2250 2274 qui
2294 2210 2437 2254 eam
2482 2188 2984 2265 constituerant,
3030 2210 3148 2253 seu
3192 2189 3369 2274 quod
3410 2192 3520 2255 iu·

1985 2289 2192 2374 Libya
2249 2291 2628 2357 excubabat.
2714 2294 2978 2357 Revera
3030 2292 3355 2355 Antonius
3415 2293 3486 2355 in

1987 2413 2068 2457 ea
2139 2391 2409 2458 Africae
2469 2407 2714 2479 parte‚.
2770 2413 2936 2478 quae
2994 2395 3448 2460 Marmaricam
3463 2440 3499 2473 ‚.

1986 2508 2056 2559 et
2092 2495 2485 2580 Pentapolin
2552 2496 2897 2581 complexa
2953 2496 3159 2578 Libya
3211 2497 3485 2582 proprie

1985 2620 2021 2662 a
2052 2598 2365 2662 Romanis
2415 2596 2790 2675 dicebatur,
2854 2600 3219 2663 exercitum
3259 2599 3518 2663 habuit’

1982 2692 2356 2786 praefecto’
2384 2700 2652 2765 Pinario
2697 2701 2978 2784 Scan-po,
3041 2712 3112 2773 ut
3155 2722 3349 2785 supra
3393 2700 3476 2764 ad

1983 2825 2221 2867 annum
2263 2805 2348 2872 V.
2384 2803 2456 2866 C.
2495 2801 2621 2886 723
2676 2801 2980 2868 diximum.
3044 2801 3339 2867 Advorte
3394 2801 3478 2867 ad

1981 2924 2382 2989 perversam.
2437 2905 2823 2988 scripturam
2897 2904 3278 2966 LYBICAE
3355 2925 3480 2989 pro

1981 3008 2399 3084 LIBYCAE,
2456 3027 2606 3070 cum
2653 3006 2872 3069 Latini
2927 3004 3104 3088 juxta
3154 3007 3481 3074 Graecum

1936 3166 1943 3171 .
1980 3104 2279 3187 ᾼΙΒΤΑ
2311 3129 2580 3192 semper
2604 3108 2990 3191 scripserint
3025 3109 3313 3176 LIBYA.

2108 3210 2313 3278 LEG.
2345 3212 2522 3275 XIX.
2556 3210 2864 3274 denarius
2902 3208 3131 3277 obvius
3156 3209 3224 3271 in
3248 3230 3484 3295 argen-

1978 3326 2087 3389 to,
2152 3312 2271 3376 sed
2314 3334 2551 3377 aureus
2609 3312 2840 3376 unicus
2892 3312 2962 3375 in
3005 3333 3236 3394 museo
3300 3314 3479 3399 regis

1980 3414 2341 3478 Galliarum
2372 3429 2540 3479 teste
2571 3415 2933 3481 Pellerinio
2972 3419 3053 3500 0).

2104 3515 2310 3582 LEG.
2339 3519 2485 3584 XX.
2518 3518 2824 3583 denarius
2857 3532 3076 3596 notus,
3118 3518 3235 3582 sed
3274 3516 3483 3581 robur

1980 3618 2183 3683 LEG.
2217 3619 2360 3684 XX.
2395 3622 2924 3687 HISPANICAE
2959 3622 3143 3687 aolus
3178 3619 3482 3684 Goltzius

1984 3720 2406 3805 conscripsit.

2110 3823 2504 3891 LEG.X.X1.
2549 3858 2637 3873 -
2676 3824 3105 3892 LEG.XXII.
3149 3859 3233 3875 -
3275 3825 3476 3887 LEG.

1982 3924 2212 3991 XXIII.

2104 4027 2305 4092 LEG.
2341 4027 2579 4097 XXIV.
2631 4049 2866 4092 numus
2913 4027 3319 4103 rarissimus,
3363 4046 3479 4091 ne-

1977 4151 2105 4216 que
2137 4144 2286 4195 ante
2313 4131 2611 4194 Patinum
2642 4129 2967 4214 cognitus.
3022 4131 3195 4193 Eum
3240 4130 3476 4194 recitat

1978 4250 2237 4318 quoque
2254 4232 2622 4299 morellius.
2669 4230 2914 4294 Similis
2939 4243 3148 4295 exstat
3180 4229 3373 4293 etiam
3407 4231 3477 4293 in

1976 4335 2342 4411 Caesareo,
2387 4334 2505 4398 sed
2558 4334 2758 4400 certis
2804 4331 3050 4397 admoti
3099 4332 3338 4417 scalpri
3374 4333 3470 4394 in-

1978 4435 2205 4514 diciis,
2251 4457 2422 4520 quae.
2468 4436 2648 4500 fraus
2693 4437 3081 4523 ftequenter
3109 4434 3234 4498 hoa
3266 4436 3476 4521 legio·

1978 4559 2136 4671 ”Qu
2182 4558 2416 4602 numos
2454 4538 2750 4624 corrupit
2773 4563 2795 4623 3
2866 4560 3014 4603 nam
3052 4535 3306 4618 addito,
3362 4540 3472 4602 vel

2478 4860 2539 4931 c)
2580 4856 2714 4917 Mel.
2741 4857 2875 4933 ΒΡ.
2903 4860 3024 4923 165.

2764 4949 2821 5010 G
2866 4965 2925 5011 a.
