4509 5584
1013 535 1184 598 XXI(
2088 528 3063 603 PRAEFATIO

1026 704 1551 822 demnatum,
1600 710 1796 825 quia
1832 707 2251 794 omissum.
2259 708 2588 796 Altero
2635 708 2884 794 modo
2924 692 3369 822 procurare
3412 712 3860 824 puritatem
3912 712 4138 797 adla-

976 868 989 899 ²
1020 853 1353 962 beravi,
1405 845 1874 972 revocando
1913 847 2020 931 ad
2058 846 2510 932 sanitatem
2535 847 2988 931 numorum
3032 860 3177 965 aut
3222 842 3766 962 epigraphen,
3822 865 3971 938 aut
4007 867 4138 965 ty-

979 978 1337 1104 porum
1379 1003 1729 1097 statum,
1795 987 1884 1071 in
1924 986 2239 1101 quibus
2300 972 2920 1097 promulgandis
2982 1012 3233 1098 quam
3297 986 3664 1100 'graviter‘
3717 1015 3968 1102 saepe
4027 993 4135 1075 ab

970 1122 1498 1241 2antiqnariis
1545 1122 1986 1238 peccatum
2028 1121 2321 1230 fuerit,
2379 1149 2913 1206 commonere
2971 1152 3311 1208 necesse
3364 1151 3532 1207 non
3589 1137 3759 1233 est,
3812 1137 3901 1210 et
3956 1125 4136 1211 sine

984 1254 1325 1378 ‘quibus
1355 1263 1472 1346 ad
1508 1257 1946 1349 ve'n‘tatem
1984 1257 2384 1345 restitutis
2434 1259 2616 1344 fieri
2656 1288 2825 1344 non
2864 1268 3137 1371 potest
3152 1327 3177 1368 ,
3232 1274 3330 1345 ut
3375 1286 3507 1345 ars
3549 1261 4134 1347 numismatica

1018 1430 1159 1486 eos
1218 1400 1618 1513 rependat
1666 1395 2038 1506 fructus,
2098 1426 2308 1511 quos
2354 1397 2462 1479 ab
2507 1423 2607 1480 ea
2658 1397 2765 1479 ob
2803 1396 3300 1509 multiplices
3351 1424 3641 1481 causas
3689 1397 4172 1513 philologia·

984 1552 1288 1652 'potest
1324 1534 1821 1650 exspectare.
1862 1534 2029 1648 Qui
2065 1532 2707 1620 commentarios
2744 1533 2898 1619 hos
2936 1534 3474 1646 pervolverit,
3513 1535 3915 1651 continuo
3956 1564 4141 1649 per-

1016 1675 1347 1788 spiciet,
1385 1676 1542 1759 ‘me
1576 1675 1665 1759 in
1700 1675 1978 1758 numis
2020 1672 2572 1786 adprobandis
2594 1740 2618 1778 ,
2673 1670 3309 1757 restituendisve
3350 1699 3676 1757 summa
3714 1701 3909 1756 cum
3948 1672 4141 1757 reli-

1016 1812 1301 1925 gione,
1361 1825 1447 1896 et
1479 1811 2228 1924 circumspectione
2263 1808 2521 1893 fuisse
2563 1821 3008 1894 versatum.

1178 1943 1321 2032 ἈΗ
1356 1944 1732 2035 ordinem
1764 1947 1990 2062 quod
2016 1933 2362 2056 attinet,
2399 1961 2765 2055 constat,
2798 1947 2887 2030 in
2927 1942 3583 2055 conscribendis,
3624 1944 4137 2031 ordinandis-

1015 2110 1178 2203 que
1210 2082 1810 2244 *Augustomrn‘
1848 2083 2122 2169 nuruis
2176 2082 2439 2170 alium
2494 2085 2671 2169 aliis
2721 2083 3123 2196 placitum
3179 2085 3456 2170 fuisse.
3536 2083 3756 2167 Alibi
3802 2083 3974 2167 dixi
4016 2076 4130 2193 a)‚

976 2282 995 2301 0
1014 2222 1397 2310 omnium
1429 2223 2266 2336 praestantissimum,
2327 2222 3026 2371 utilissimumque
3060 2220 3327 2307 videri
3364 2220 3739 2306 ordinem
3777 2221 4129 2306 chrono-

978 2364 1419 2477 ‘logicum,
1478 2360 1890 2475 atullique
1926 2360 2286 2469 rationes
2331 2388 2668 2472 grave5‚
2738 2386 2941 2471 quas
2988 2385 3444 2472 recoquere
3493 2358 3851 2445 otiosum
3889 2360 4120 2444 foret.

986 2501 1311 2612 Neque
1339 2494 1696 2612 amplius
1730 2499 2039 2581 addam
2070 2495 2175 2579 ad
2194 2526 2334 2603 ea,
2404 2504 2619 2611 quae
2662 2498 2748 2581 in
2796 2497 3308 2609 praefatione
3342 2496 3470 2579 ad
3488 2512 3875 2608 praesens
3911 2522 4122 2607 opus

978 2634 1125 2720 'de
1175 2635 1700 2721 moderandis
1758 2634 2372 2719 commentariis
2430 2637 2832 2748 praecepi.
2925 2632 3344 2718 Nimirum
3408 2659 3659 2746 quam
3714 2632 4119 2749 hactenus

976 2770 1278 2886 legem
1300 2870 1305 2877 ⁴
1330 2772 1837 2887 sequendam
1891 2772 2136 2880 duxi,
2190 2771 2465 2856 eidem
2514 2802 2652 2856 me
2711 2772 3098 2885 deinceps
3152 2786 3486 2884 quoque
3539 2770 4077 2863 inhaesurum
4095 2838 4122 2874 ,

1010 2893 1231 3022 quod
1265 2910 1488 2996 istud
1531 2910 1872 2994 eaedem
1910 2912 2213 2994 causae
2249 2911 2634 3022 exigunt,
2681 2910 3149 3022 inspicienti
3184 2908 3516 3021 patebit.

1067 3198 1147 3267 ἰ)
1183 3194 1388 3259 vok-1.
1430 3196 1663 3273 Proleg.
1697 3200 1829 3274 ge'n.
1866 3214 1998 3274 cap.
2021 3188 2222 3256 xx1v'
