4509 5584
1651 559 2235 654 ΑΝΤΟΝΙΑ.

394 769 523 837 que
598 752 903 816 omnibus
976 750 1210 815 officiis
1274 748 1442 814 fovit
1486 750 1567 831 ⁸).
1649 752 1887 835 Neque

391 853 537 931 hie,
594 874 745 918 enm
797 854 1077 938 primum
1131 851 1888 936 imperiumauspicareff

388 969 613 1033 retur,
674 956 968 1040 ingratus
1022 957 1089 1017 in
1145 955 1351 1018 aviam
1397 954 1642 1016 exstitit
1686 954 1886 1017 colla·

390 1057 473 1120 tis
525 1057 595 1119 in
649 1077 793 1121 eam
848 1057 1115 1119 summis
1162 1055 1549 1133 honoribus,
1611 1077 1773 1140 quos
1814 1054 1886 1117 in

393 1157 795 1243 explicandis
852 1159 1071 1220 numis
1119 1156 1504 1221 recensebo.
1593 1160 1683 1221 At
1737 1177 1885 1220 ean·

394 1260 546 1323 dem
589 1258 835 1335 serius,
901 1258 1075 1342 quod
1121 1259 1200 1320 ab
1247 1279 1324 1321 ea
1369 1258 1714 1342 aliquando
1770 1258 1887 1321 ob·

392 1365 802 1446 jurgaretur,
864 1361 1113 1422 taediis·
1153 1359 1235 1422 ad
1292 1374 1571 1421 mortem
1625 1359 1880 1442 adegit,

395 1463 546 1528 dato
608 1464 842 1538 etiam,
916 1476 987 1523 ut
1045 1462 1302 1547 quidam
1365 1475 1625 1542 putant,
1687 1480 1885 1525 vene·

392 1585 483 1629 no
513 1562 612 1647 ¹²),
658 1585 824 1647 quac
859 1562 939 1625 ab
976 1563 1274 1625 omnibus
1314 1578 1588 1646 propter
1630 1561 1881 1625 formae

397 1665 891 1742 excellentiam,
979 1678 1047 1726 et
1108 1666 1527 1746 conjunctum
1586 1688 1739 1729 raro
1808 1686 1885 1728 ea

395 1779 610 1852 aetate
645 1767 954 1849 exemplo
987 1765 1309 1849 pudorem
1341 1787 1719 1829 communes
1751 1767 1893 1830 lau-.

395 1867 550 1953 des,
608 1881 801 1950 atque
853 1887 1143 1930 amorem
1196 1869 1552 1949 promerita
1603 1882 1734 1945 est,
1791 1868 1886 1931 sie

396 1981 468 2033 ut
499 1968 644 2038 Val.
677 1970 998 2031 Maximus
1034 1967 1345 2031 adserere
1382 1991 1516 2032 non
1556 1969 1895 2033 dubitave-.

394 2070 517 2148 rit,
573 2089 717 2146 eam
762 2070 1062 2132 laudibus
1106 2069 1362 2134 virilem
1405 2070 1687 2134 familiae
1732 2090 1886 2134 suae

397 2170 758 2236 claritatem
793 2193 1297 2256 supergressam.
1317 2179 1403 2253 c).
1437 2175 1745 2235 Honores
1773 2191 1895 2255 po·-

398 2285 678 2349 stumos,
723 2292 887 2357 qnos
927 2274 992 2335 ei
1022 2272 1193 2335 lilius
1226 2272 1531 2338 Claudius
1568 2274 1886 2352 decrevit,

400 2375 710 2440 continuo
751 2375 1190 2458 proferemus.
1466 2451 1473 2456 h

525 2477 765 2542 Proles
797 2479 1106 2542 continuo
1142 2476 1463 2541 dedimus.

998 2715 1298 2783 Numi.-

726 2883 1149 2950 ANTONIA.
1184 2882 1625 2954 AVGVSTA.
1676 2886 1893 2969 Caput

726 2986 1084 3048 ‚Antoniae
1117 2989 1326 3067 spicis
1359 3000 1770 3051 coronatum.

404 3086 890 3152 SACERDOS.
942 3087 1151 3156 DIVI.
1210 3086 1620 3156 AVGVSTI.
1691 3087 1892 3156 ,Duae

404 3192 638 3258 taedae
678 3209 827 3251 cum
860 3189 1147 3250 corollis.
1192 3188 1334 3256 AV.
1366 3188 1514 3253 AR.

527 3289 931 3376 Proponitur
960 3289 1245 3354 Antonia
1288 3288 1499 3373 capite
1547 3286 1747 3372 spicis
1783 3305 1893 3350 co-

398 3406 630 3458 ronato
688 3394 895 3455 instar
960 3392 1255 3468 Cereris,
1337 3412 1466 3475 quo
1526 3390 1707 3455 cultu
1762 3387 1943 3489 jam'·

399 3496 677 3561 vidimus
728 3493 1129 3578 propositam
1184 3493 1471 3572 Liviam,
1533 3506 1601 3555 et
1642 3488 1893 3554 videbi-

400 3619 545 3661 mus
629 3596 1056 3681 Agrippinam
1156 3594 1505 3677 juniorem.
1629 3592 1892 3655 Dicitur

397 3699 853 3774 AVGVSTA‚
888 3710 957 3761 et
992 3696 1479 3778 SACERDOS,
1499 3696 1709 3762 DIVI.
1738 3693 1893 3762 AV-

399 3802 700 3878 GVSTI,
773 3820 937 3885 quos
997 3799 1288 3861 honores
1346 3799 1687 3883 praeclare
1736 3817 1897 3861 con-

386 3903 612 3968 ‘firmat
665 3902 833 3980 nio,
899 3921 1047 3964 cem
1105 3912 1329 3986 narrat
1366 3896 1467 3981 d),
1543 3900 1892 3962 Antoniam

382 4027 435 4070 ‘a
456 4005 752 4089 Caligula
775 4006 1163 4085 Augustam
1196 4016 1265 4065 et
1297 4004 1709 4064 sacerdotem
1742 4003 1894 4065 Au·

393 4113 585 4192 gasti
618 4107 857 4170 factam
895 4123 1254 4188 omnesque
1286 4101 1569 4170 Vestalis
1605 4102 1897 4166 honores

401 4212 468 4274 ei
502 4208 821 4273 tributos.'
882 4206 1131 4270 Refert.
1159 4207 1355 4270 etiam
1400 4203 1752 4266 Suetonius
1801 4206 1897 4284 1),

398 4311 763 4396 Caligulam
827 4308 895 4369 in
969 4307 1318 4370 Antoniam
1397 4304 1641 4381 aviam,
1713 4304 1897 4388 quid·

278 4497 295 4504 -
398 4413 557 4498 quid
613 4431 919 4496 unquam
989 4410 1177 4476 Livia
1233 4408 1527 4490 Augusta
1566 4404 1892 4469 honorum

3357 565 3494 681 πῖθ’

2000 747 2316 832 cepisset,
2347 766 2479 810 uno
2525 748 2595 810 S.
2633 749 2705 814 C.
2752 750 3187 833 congessisse.
3260 753 3352 816 At
3379 772 3498 816 no·

2000 851 2247 928 vimus,
2292 852 2547 914 Liviam
2587 850 2670 912 ab
2717 871 2991 914 excessu
3034 855 3315 937 Augusti
3359 879 3500 920 non

2002 953 2199 1015 modo
2237 952 2477 1014 dictam
2522 954 2915 1036 Augustam,
2971 953 3087 1017 sed
3129 957 3324 1020 etiam
3361 962 3500 1020 Au-

2001 1054 2175 1138 gusti
2214 1054 2622 1117 sacerdotem
2677 1053 2751 1135 st).
2820 1058 3039 1148 Typus
3091 1077 3356 1122 aversae
3414 1060 3498 1122 ad

1998 1157 2198 1234 ritum
2243 1156 2433 1238 hujus
2488 1155 2838 1220 sacerdotii
2902 1157 3160 1221 videtur
3212 1159 3501 1242 pertine-

1996 1278 2075 1330 re
2097 1302 2115 1335 ,
2176 1257 2296 1319 sed
2339 1259 2724 1332 Vaillantius
2756 1259 2835 1321 ad
2868 1279 3048 1322 sacra
3087 1261 3353 1322 Cereris
3387 1281 3498 1324 ro·

1976 1371 2124 1434 cat,
2214 1360 2306 1430 Vt
2348 1373 2601 1422 certum
2652 1375 2752 1423 est
2794 1361 2872 1421 ab
2915 1361 3069 1444 ipsis
3117 1361 3217 1423 his
3260 1361 3496 1437 titulis,

1997 1482 2267 1534 numum
2322 1460 2496 1524 hunc
2549 1476 2697 1524 ante
2747 1462 3086 1545 Caligulae
3138 1464 3490 1546 imperium

2005 1563 2250 1646 signari
2277 1583 2409 1624 non
2447 1563 2775 1645 potuisse,
2822 1563 2915 1628 sic
2951 1565 3139 1647 plane
3180 1565 3502 1629 verisimiv

2002 1664 2068 1727 le
2099 1679 2237 1741 est,
2278 1664 2946 1746 imperanteclaudio
2982 1667 3194 1729 lucem
3230 1666 3528 1733 vidisse..

2003 1767 2167 1842 Nam
2222 1779 2357 1828 tota
2419 1768 2581 1829 haec
2640 1773 2880 1832 aversa
2920 1770 2987 1830 in
3049 1769 3189 1850 ejus
3235 1790 3500 1856 quoque

2002 1869 2216 1948 numis
2264 1870 2632 1952 reperitur,
2686 1883 2878 1954 atque
2913 1869 2966 1931 is
3001 1870 3244 1934 multus
3275 1870 3400 1936 fuit
3428 1875 3501 1936 in

2002 1970 2409 2035 restituenda
2441 1973 2763 2055 majorum
2799 1971 3139 2037 memoria.

2517 2119 2556 2157 a*
2726 2074 2765 2111 ἓ.
2933 2120 2973 2157 ff

2286 2176 2542 2238 Eadem
2584 2176 2899 2252 adversa,
2963 2180 3039 2238 in
3093 2175 3255 2238 aliis
3305 2188 3505 2260 capue

2292 2276 2538 2354 absque
2567 2297 2811 2338 corona
2839 2279 3084 2357 spicea.
3549 2317 3560 2324 —

2008 2375 2662 2442 CONSTANTIAE.
2748 2377 3160 2445 AVGVSTI.
3248 2376 3509 2441 Mulier

2008 2491 2201 2542 stans
2224 2482 2288 2544 d.
2315 2479 2664 2560 oblongam
2675 2481 2944 2562 facem,
2971 2502 3024 2541 s.
3047 2484 3506 2565 coraus-opine.

2008 2562 2155 2649 AV.
2192 2579 2342 2646 AR.

2124 2680 2289 2743 Cum
2317 2680 2386 2743 in
2427 2679 2653 2763 priore
2687 2702 2890 2745 numo
2926 2682 3321 2757 viderimus,
3374 2694 3508 2747 tae·-

2007 2780 2123 2846 das
2144 2780 2227 2846 ad
2266 2781 2464 2844 ritum
2493 2781 2845 2848 sacerdotii
2875 2786 3158 2869 Augusti
3200 2783 3501 2857 referen-

2007 2882 2157 2961 das,
2232 2882 2424 2948 taeda
2481 2883 2664 2945 niimi
2727 2885 3091 2966 praesentis
3149 2881 3501 2950 simulacre

1990 2984 2338 3063 -m-ulieris,
2405 2984 2579 3048 haud
2625 2983 2823 3050 dubie
2867 2986 3223 3064 Antoniae,
3281 2987 3501 3052 addita

2004 3084 2187 3151 idem
2226 3086 2492 3158 videtur
2531 3085 2971 3150 sacerdotium
3011 3088 3323 3154 indicare.
3416 3090 3503 3162 At

2006 3187 2197 3251 labor
2251 3201 2355 3251 est
2398 3187 2805 3273 epigraphen
2846 3210 2996 3274 cum
3036 3204 3192 3275 typo
3238 3210 3500 3276 compo·
3529 3265 3554 3282 .

2005 3309 2195 3355 nere.
2284 3290 2774 3374 Havercampus
2835 3293 3259 3357 constant-iam
3299 3295 3508 3358 Anto-

2005 3389 2152 3454 niae
2203 3389 2481 3454 indicari
2526 3406 2744 3476 putat,
2803 3414 2928 3478 qua
2977 3394 3089 3455 illa
3129 3393 3199 3455 in
3231 3408 3378 3458 toro
3409 3395 3505 3461 vi-

2006 3490 2137 3555 duo
2177 3495 2665 3575 perseveravit,
2719 3508 2787 3557 et
2832 3494 3031 3558 filiam
3071 3496 3377 3561 Livillam
3419 3496 3503 3559 ad

2004 3607 2291 3659 mortem
2351 3593 2594 3679 adegit.
2706 3597 2958 3665 Verum
3007 3596 3062 3659 si
3126 3596 3291 3662 haec
3350 3618 3504 3663 con-

2007 3697 2239 3761 stantia
2287 3694 2371 3759 ad
2429 3697 2778 3761 Antoniam
2840 3699 3171 3781 pertinet,
3249 3720 3369 3764 cur
3426 3721 3503 3764 ea

2004 3797 2215 3862 virtus
2263 3798 2622 3863 secundum
2658 3799 3048 3884 epigraphes
3090 3821 3351 3864 sensum
3395 3804 3506 3868 tri-

2005 3896 2231 3961 buitur
2279 3902 2626 3982 Augusto?
2685 3904 2846 3965 Nam
2894 3916 3032 3974 tum
3085 3904 3501 3968 scribendum

2006 4000 2225 4064 fuerat
2296 4000 2813 4080 AVGVSTAE,
2888 4026 3025 4068 non
3086 4007 3499 4075 AVGVS'I'I.

2008 4099 2328 4176 Accedit,
2395 4101 2654 4164 obviam
2691 4100 2865 4168 hanc
2908 4125 3053 4167 esse
3100 4108 3502 4192 epigraphen

2009 4200 2080 4264 in
2114 4200 2332 4264 numis
2363 4201 2482 4262 filii
2517 4200 2808 4282 Claudii,
2852 4225 3125 4289 eamque
3162 4209 3329 4272 adeo
3360 4211 3502 4292 ejus

1980 4301 2227 4368 „videri
2285 4304 2653 4387 propriam,
2717 4319 2789 4369 ut
2829 4306 3195 4372 videbimus
3240 4311 3305 4372 in
3353 4314 3499 4391 eius

2008 4416 2292 4469 moneta.
2423 4406 2733 4472 Ceterum
2825 4407 2883 4472 si
2973 4409 3339 4495 epigraphe
3422 4416 3502 4478 acl

472 4725 537 4794 a)
578 4667 837 4801 Suetsin·
864 4715 1052 4793 calig.
1095 4735 1149 4777 c.
1168 4728 1257 4778 to.
1368 4713 1442 4787 b)
1481 4712 1645 4772 Suet.
1670 4712 1733 4769 in
1764 4710 1953 4789 calig.
1985 4730 2038 4772 c.
2057 4722 2151 4780 23.
2184 4709 2299 4770 Dio
2327 4709 2393 4771 1..
2409 4710 2555 4772 LIX.
2590 4668 2744 4786 §.ss
2828 4720 2890 4790 c)
2927 4716 3041 4810 Le.
3157 4718 3225 4794 d)
3265 4720 3495 4779 1..1.1x.

400 4812 449 4885 ᾖ.
474 4822 526 4875 3.
637 4811 700 4883 e)
738 4809 802 4868 iu
832 4805 1023 4886 calig.
1063 4816 1219 4872 (κίε.
1336 4803 1391 4876 l)
1431 4802 1546 4863 Dio
1572 4800 1805 4864 1..1.V1.
1841 4801 2001 4877 §.46.

2804 4898 2938 4958 Za
