4509 5584
1679 487 2105 613 canna.

342 734 463 779 nas
477 715 795 778 similiter
809 731 852 773 a
848 714 1158 797 fatidica
1163 712 1400 796 puella
1417 730 1633 795 prona
1640 714 1750 773 nci
1754 731 1817 772 a·

340 829 436 892 ta,
452 835 726 894 quorum
744 816 1111 875 carminum
1126 818 1461 877 sententia
1481 827 1652 891 erat,
1691 818 1824 877 ori-

339 927 561 977 turum
582 916 969 995 quaudoque
986 933 1075 977 cx
1097 914 1425 997 Hispania
1434 918 1821 997 principem,
1843 967 1851 986 ,

337 1017 802 1095 dominumque
855 1036 1098 1083 rerum.
1182 1016 1334 1079 Nou
1402 1028 1824 1101 praetereun-

338 1114 542 1193 dum,
563 1114 742 1202 quod
766 1130 984 1181 narrat
998 1117 1388 1181 Plutarchus
1417 1119 1475 1201 ⁸)
1496 1163 1515 1195 ,
1549 1116 1822 1181 Galbam

337 1216 555 1294 audita
615 1216 909 1288 Vindicis
975 1218 1177 1283 caede
1238 1219 1588 1283 secessisse
1630 1219 1823 1282 Colu-

336 1319 549 1400 uiam,
621 1319 982 1400 (Κολουηαν
1052 1320 1350 1405 Ιβηρηιηφ)
1425 1321 1819 1404 ductumque

334 1420 738 1504 poenitentia
758 1434 1220 1499 anteactorum,
1247 1436 1316 1487 et
1340 1421 1673 1487 desiderio
1694 1421 1827 1505 pri-

335 1513 489 1602 stini
524 1523 639 1585 otii
666 1544 799 1586 non
829 1544 1263 1610 magnopere,
1310 1546 1477 1610 quae
1510 1543 1822 1609 praesens

332 1636 594 1708 tempus
623 1624 1005 1707 postulabat,
1035 1644 1456 1709 procurasse,
1493 1646 1570 1689 ac
1600 1644 1826 1709 perse-

335 1745 599 1792 verasse
622 1726 748 1804 ibi,
784 1725 939 1806 dum
983 1726 1267 1816 denique
1307 1726 1825 1791 senatusconsul-

335 1839 476 1892 tum
520 1826 606 1890 de
648 1827 922 1892 decreto
966 1828 1032 1892 ei
1087 1828 1367 1913 imperio
1429 1829 1821 1894 adferretur.

331 1928 625 1993 Dubium
680 1949 811 1992 non
867 1941 1012 2007 est,
1085 1929 1423 1994 Plutarchi
1484 1931 1823 1994 Κολουνιαν

336 2050 486 2095 esse
520 2031 728 2115 ipsam
760 2033 927 2094 hanc
954 2044 1242 2095 nostram
1266 2034 1596 2111 Cluuiam,
1625 2047 1821 2117 atque

337 2131 506 2195 adeo
566 2133 732 2196 banc
776 2133 1007 2196 urbem
1055 2132 1303 2198 Galbae
1348 2133 1629 2218 primum
1671 2153 1824 2218 pro-

334 2247 491 2318 pter
523 2234 849 2298 laudatum
902 2236 1310 2314 vaticinium,
1368 2235 1608 2302 deinde
1645 2234 1822 2320 quod

334 2336 406 2397 in
439 2356 517 2401 ea
550 2335 634 2399 de
669 2337 904 2400 collata
929 2358 1178 2400 summa
1218 2351 1539 2422 potestate
1574 2337 1824 2401 certior

335 2450 439 2501 est
469 2438 787 2513 redditus,
834 2438 1211 2523 cumprimis
1252 2439 1455 2504 fuisse
1495 2439 1822 2516 dilectam,

333 2553 717 2625 auctamque
749 2540 1103 2605 honoribus
1137 2556 1206 2606 et
1229 2541 1602 2633 beneficiis,
1644 2540 1822 2625 quod

332 2639 609 2703 inditum
660 2642 855 2706 etiam
903 2645 1292 2726 SVLpiciae
1330 2663 1573 2707 nomen
1615 2644 1823 2707 bono·

331 2740 613 2820 rificum,
650 2756 723 2806 ut
754 2765 984 2809 numus
1025 2765 1335 2830 praesens
1367 2758 1676 2823 testatur,
1723 2746 1821 2809 lu·

331 2844 599 2908 culeute
638 2847 1039 2931 comprobat.

327 2991 334 3002 ’
619 2986 833 3045 Varia
866 2989 1130 3047 anticae
1167 2984 1545 3068 epigraphe.

327 3080 662 3150 BONOS.
715 3085 858 3150 ET.
913 3087 1262 3156 VIRTVS.
1317 3087 1384 3152 8.
1422 3086 1503 3151 'C.
1587 3087 1819 3148 Honos

328 3187 713 3249 seminudus
744 3199 937 3248 stans
983 3189 1047 3251 d.
1080 3187 1379 3265 hastam,
1416 3209 1471 3254 s.
1506 3208 1820 3252 cornuco-

324 3289 516 3368 piae,
563 3286 769 3365 juxta
811 3299 1000 3350 stans
1046 3291 1289 3351 Virtus
1330 3292 1553 3372 capite
1588 3288 1818 3371 galea·

331 3401 403 3449 tc
436 3388 500 3451 d.
516 3392 991 3470 parazoniam,
1023 3412 1072 3451 s.
1102 3390 1400 3467 hastam,
1440 3403 1507 3454 et
1540 3393 1816 3452 dextero

322 3489 490 3569 pede
506 3489 794 3571 galeam,
828 3505 902 3551 ut
929 3493 1209 3568 videtur,
1238 3513 1560 3575 premens.
1605 3490 1744 3555 AE.
1763 3490 1816 3554 1.

333 3590 514 3672 (Mus
542 3590 763 3673 Caes.)

415 3693 823 3778 ‚Vtrumque
882 3712 1160 3768 numen,
1214 3695 1482 3772 Honos,
1543 3707 1611 3757 et
1667 3692 1819 3762 Vir·

324 3806 468 3872 tus,
522 3796 915 3878 proponitur
972 3795 1164 3858 etiam
1225 3795 1292 3858 in
1344 3796 1557 3859 numis
1600 3795 1814 3881 gentis

325 3894 556 3959 Fufiae
587 3897 972 3974 etMuciae,
1018 3896 1100 3961 de
1135 3898 1366 3983 quibus
1409 3896 1596 3975 vide,
1647 3916 1811 3981 quae

328 3997 401 4060 iu
433 4010 631 4081 gente
667 3999 882 4061 Mucia
921 4002 1175 4073 notavi3
1233 4021 1464 4065 verum
1498 4000 1568 4060 in
1597 3999 1679 4062 iis
1708 4020 1813 4063 so·

243 4181 250 4186 ,
325 4100 393 4163 la
443 4112 896 4183 proponuntur
941 4101 1167 4183 capita.
1251 4104 1562 4164 Ceterum
1612 4119 1732 4164 cur
1766 4100 1816 4161 ii

325 4202 395 4266 in
431 4200 679 4266 Galbae
725 4203 935 4265 numis
978 4205 1439 4280 restituantur,
1487 4201 1666 4287 quod
1714 4201 1816 4265 di-

331 4323 509 4380 cam,
549 4324 682 4367 nou
723 4304 957 4372 habco.

621 4454 880 4516 Antica
911 4458 1190 4518 incerta.

329 4553 791 4664 LIBEQTAS.
832 4555 908 4620 P.
947 4556 1025 4615 R.
1084 4556 1346 4619 Mulier
1389 4570 1582 4620 stans
1618 4557 1822 4644 elatis

405 4773 468 4838 a)
511 4765 580 4823 Iu
614 4737 899 4840 Galba-p.
931 4745 1085 4825 1o55.
1233 4762 1308 4831 b)
1345 4760 1547 4838 Eclog.
1581 4762 1627 4822 1.
1663 4783 1717 4821 v.
1746 4771 1835 4829 45.

3288 564 3437 646 295,

1936 706 2242 787 manibus
2274 708 2453 769 inter
2476 707 2649 770 duas
2675 711 2913 790 spicas.
2960 711 3096 776 AR.
3124 715 3445 797 (Morelli—

1935 807 2173 890 11111111.)

2064 906 2364 997 Libertas
2422 909 2492 971 in
2535 908 2781 974 Galbae
2840 915 3054 978 numia
3109 914 3423 1000 frequens

1941 1020 2070 1086 est,
2125 1030 2343 1094 neque
2404 1010 2473 1072 id
2530 1012 2795 1090 mirum,
2854 1035 3004 1077 cum
3059 1038 3238 1101 resp.
3300 1040 3425 1102 per
3478 1062 3487 1072 -

1934 1111 2218 1175 Neronis
2253 1112 2773 1178 internecionem
2817 1115 2939 1178 sibi
2975 1117 3100 1202 ipsi
3124 1120 3421 1185 restituta

1934 1210 2311 1296 videretur,
2362 1228 2430 1278 et
2483 1216 2673 1299 plebs
2724 1218 3063 1283 referente
3108 1205 3425 1287 Suetonio

1940 1333 2082 1376 eam
2117 1313 2203 1376 ob
2239 1334 2498 1379 causam
2545 1316 2784 1401 pilenta
2814 1320 3236 1388 discurreret.
3295 1326 3428 1389 De-

1941 1414 2234 1480 scribere
2306 1417 2481 1482 hunc
2536 1442 2823 1484 numum.
2855 1424 3099 1506 placuit
3150 1439 3427 1508 propter

1935 1517 2071 1600 typi
2107 1517 2554 1597 insolentiam3
2594 1544 2747 1586 uam
2795 1525 2925 1588 hoc
2973 1524 3151 1588 cultu
3198 1526 3429 1590 Liber-

1937 1631 2035 1681 tas
2084 1619 2243 1704 fingi
2297 1621 2367 1682 iu
2419 1623 2603 1698 nullo
2658 1646 2855 1688 numo
2896 1639 3002 1687 est
3044 1625 3254 1690 solita.
3342 1632 3425 1691 Et

1936 1719 2199 1785 videtur
2273 1743 2356 1787 eo
2415 1725 2686 1809 insignis
2743 1727 3059 1812 allegoria
3118 1728 3426 1806 involuta,

1936 1833 2238 1906 tanquam
2283 1825 2522 1891 mulier
2563 1827 2937 1891 hortaretur
2977 1842 3167 1913 gestu
3209 1830 3292 1893 ad
3319 1819 3427 1896 coss·

1937 1923 2171 1992 leudos
2201 1925 2416 1991 libere
2449 1948 2644 2013 agros
2676 1929 2924 1993 sublata
2958 1929 3221 1994 tandem
3254 1952 3429 1996 com-

1937 2028 2121 2089 muni
2180 2027 2360 2091 orbis
2404 2029 2552 2107 lue,
2612 2042 2679 2093 et
2720 2030 2904 2095 velut
2944 2033 3232 2117 gestiens
3277 2055 3431 2120 gau-

1940 2127 2050 2190 dio
2141 2130 2525 2194 inclamaret
2619 2131 2924 2215 agricolis
2997 2153 3143 2197 cum
3210 2139 3426 2200 Maro·

1937 2250 2023 2293 ne
2053 2226 2154 2306 ηε

2066 2333 2333 2393 Pascite
2355 2342 2437 2393 ut
2468 2342 2625 2393 ante
2649 2331 2863 2409 boves,
2889 2337 3106 2415 pueri,
3132 2341 3432 2404 summit-

2854 2438 2981 2497 tite
3005 2450 3257 2521 tauros.

1934 2531 2195 2617 Inique,
2255 2546 2332 2596 ut
2385 2530 2680 2611 videtur,
2759 2535 3178 2618 Schlegelius
3230 2540 3422 2625 hujus

1930 2633 2114 2695 numi
2169 2631 2368 2697 fidem
2425 2634 2639 2697 elevat
2695 2636 3102 2717 profitendo,
3172 2661 3325 2703 eum
3384 2666 3425 2707 a

1934 2736 2247 2799 Morellio
2313 2735 2607 2799 haustum
2665 2755 2752 2798 ex
2811 2736 3058 2801 Goltzii
3098 2743 3289 2807 MSS.
3337 2746 3422 2825 0).

1933 2838 2101 2899 Nam
2162 2834 2537 2922 adstitutum
2598 2836 2914 2900 iconismo
2964 2829 3188 2905 ‘liliam
3232 2858 3426 2908 testa·

1931 2950 2078 3013 tur,
2114 2957 2380 3001 numum
2416 2938 2666 3003 servari
2696 2938 2763 3001 in
2798 2960 3026 3005 museo
3059 2944 3242 3028 regis
3270 2921 3427 3009 Gal·

1934 3035 2193 3103 liarum.
3304 3121 3313 3132 .

2023 3133 2026 3138 ’
2213 3140 2479 3201 Incerta
2512 3146 2776 3205 anticae
2803 3146 3178 3229 epigraphe.
3212 3148 3429 3234 Cpput

2216 3241 2615 3308 laureatum.
3402 3269 3409 3276 '

1929 3342 2395 3430 mersuras,
2429 3327 2958 3417 nns‘mrv'm.
2994 3350 3065 3415 3.
3094 3350 3167 3413 e.
3217 3352 3426 3433 Impe-

1928 3456 2118 3505 rator
2149 3457 2420 3525 togatus
2449 3457 2636 3508 stans
2655 3450 2959 3536 figuram
2986 3452 3427 3538 genuflecten-

1933 3556 2064 3607 tem
2107 3546 2408 3610 sublevat
2439 3559 2661 3620 stante
2693 3562 2869 3612 retro
2905 3554 3140 3619 milite.
3184 3554 3325 3620 AE.
3370 3557 3421 3623 1.
3525 3575 3533 3586 '

1929 3648 2112 3730 (Mus
2139 3647 2332 3711 Caes.
2367 3649 2638 3712 Morelli
2667 3652 2907 3735 lmpp.)

2055 3751 2278 3814 Novus
2315 3748 2508 3812 etiam
2536 3751 2643 3815 hic
2673 3753 3024 3821 Libertatis
3056 3772 3277 3843 typus,
3310 3760 3423 3845 qui

1928 3850 2208 3936 praeivit
2245 3872 2478 3914 numos
2519 3843 2883 3936 Hadriani,⁵
2921 3859 2990 3920 in
3037 3860 3272 3946 quibus
3317 3882 3422 3925 re·

1930 3952 2180 4015 stitutas
2210 3953 2574 4038 proyincias
2599 3955 2937 4021 habemus.

2220 4056 2307 4112 Vt
2338 4054 2445 4116 lit.
2478 4053 2555 4118 B.

1927 4151 2388 4232 LIBERTAS.
2432 4154 2961 4224 RESTITVTA.
3029 4161 3247 4243 Caput
3280 4181 3421 4225 mu·
3452 4193 3463 4202 ·

1929 4253 2137 4317 liebre
2173 4255 2563 4319 Libertatis.
2605 4257 2750 4321 AR.
3280 4325 3285 4330 ,
3472 4261 3479 4272 ’

2057 4356 2185 4418 Hic
2217 4353 2395 4417 idem
2436 4375 2672 4422 numus
2713 4343 2845 4434 est,
2899 4356 2971 4420 iu
3014 4379 3144 4442 qno
3190 4361 3421 4447 Segni-

1932 4476 2054 4520 nus
2088 4475 2440 4540 perperam
2477 4457 2677 4542 legite
2734 4459 2990 4547 JtEST.
3038 4464 3289 4541 Nvu„
3348 4478 3423 4529 ut

1933 4557 2301 4623 videbimus
2333 4557 2525 4625 infra.

1985 4766 2047 4838 c)
2086 4765 2252 4824 Tom.
2279 4764 2356 4824 11.
2387 4784 2451 4842 p.
2471 4769 2593 4830 162·
2694 4831 2703 4842 ‚
