4509 5584
1617 544 2272 627 AVGVSTVS.

380 709 552 789 715,
616 725 747 794 quo
792 706 1090 795 posuisse
1131 705 1397 777 barbam
1442 710 1670 778 scribit
1712 714 1880 793 Dio,

381 824 455 872 et
499 825 770 895 praeter
812 816 1261 879 Romanorum
1324 814 1686 880 institutum
1736 830 1875 894 est,

378 924 450 973 et
502 914 690 976 nullo
749 931 940 1001 pacto
1006 918 1390 983 verisimile.
1470 915 1646 1011 Quin
1699 917 1876 982 idem

3400 574 3493 640 ’Π

2110 710 2249 779 ‘Jllo
2280 715 2474 780 aucit
2498 716 2783 781 «barbam
2799 760 2819 794 ,
2877 719 3126 782 crinem
3162 688 3279 786 liic
3301 716 3498 808 ᾰεροι.

2938 822 3045 882 nit
3072 826 3288 888 amati
3295 866 3317 900 ,

2117 912 2326 980 Plena
2362 915 2596 980 domus
2635 917 2796 982 libis
2826 922 3191 986 venalibus.

374 1012 544 1089 Dio,
605 1036 755 1081 cum
804 1019 1044 1083 factum
1097 1021 1274 1084 istud
1318 1018 1673 1098 describit,
1730 1041 1875 1084 eam
1989 1015 2242 1112 Quibus
2298 1038 2461 1083 vero
2497 1019 2955 1098 castimoniis,
3017 1037 3086 1085 et
3116 1045 3241 1109 qua
3271 1024 3486 1108 publi—

372 1117 724 1200 peristasin
777 1136 1056 1206 propter
1101 1125 1207 1187 rei
1258 1123 1671 1186 insolentiam
1732 1144 1867 1185 non

376 1218 875 1300 dissimulasset,
920 1223 975 1287 si
1024 1246 1203 1288 mors
1232 1221 1381 1287 Iulii
1427 1225 1568 1308 ejus
1612 1225 1868 1309 squalo-

371 1321 466 1382 ris
508 1322 758 1386 tamdiu
801 1326 1047 1388 retenti
1092 1347 1282 1391 causa
1335 1327 1706 1391 exstitisset.
1752 1327 1867 1390 At-

373 1442 505 1508 que
544 1424 711 1490 haec
751 1428 890 1511 ipsa
930 1428 1195 1493 omissio
1240 1429 1576 1494 luculente
1616 1428 1864 1512 arguit,

372 1544 671 1607 causam,
714 1550 835 1593 cur
872 1528 1137 1593 barbam
1180 1533 1513 1616 posuerit,
1556 1529 1759 1593 fuisse
1793 1530 1864 1591 in

369 1630 610 1713 vulgus
664 1632 1030 1717 cognitam,
1092 1647 1159 1697 et
1206 1634 1445 1718 passim
1488 1647 1862 1716 receptam,

368 1750 537 1814 quae
603 1732 771 1797 adeo
850 1735 1205 1799 memorari
1258 1756 1391 1797 non
1462 1748 1859 1801 mereretur.

367 1832 535 1893 Eam
586 1832 780 1899 facile
830 1838 1099 1922 reperio
1149 1838 1219 1898 in
1265 1837 1579 1920 juvenum
1628 1839 1867 1900 Roma-

365 1953 607 1997 norum
658 1938 1171 2017 consuetudine,
1212 1939 1326 2022 qui
1374 1938 1638 2003 barbam
1683 1940 1863 2003 alere

368 2035 451 2097 ad
498 2049 749 2100 certam
800 2062 1004 2126 usque
1056 2054 1339 2105 aetatem
1392 2040 1724 2119 solebant,
1770 2032 1868 2104 ni·

364 2136 604 2200 mirum
644 2139 729 2202 ad
773 2163 1012 2205 annum
1053 2165 1260 2229 usque
1304 2142 1479 2221 XX„
1523 2157 1632 2208 aut
1668 2145 1865 2208 etiam

365 2242 560 2302 ultra.
605 2242 846 2326 Pagius
876 2243 1148 2307 nimium
1201 2245 1391 2309 anxie
1441 2265 1610 2309 anno
1655 2247 1863 2308 xxu.

362 2341 633 2405 barbam
682 2343 827 2408 radi
869 2346 1126 2411 solitam
1176 2346 1475 2411 adfirmat
1505 2350 1592 2431 ⁸),
1674 2346 1891 2412 nixus'

358 2444 740 2510 testimonio
809 2448 1129 2512 Macrobii
1147 2470 1177 2511 :—
1253 2461 1358 2512 ter
1417 2454 1865 2533 septenariam

361 2567 712 2610 numerum
743 2553 999 2629 requiri
1020 2553 1114 2614 ad
1158 2552 1517 2615 radendam
1554 2552 1861 2617 barbam.

361 2647 619 2715 Verum
672 2669 808 2712 non
859 2651 988 2715 hoc
1033 2651 1192 2716 dicit
1232 2650 1643 2731 Macrobius,
1704 2650 1858 2716 sed·

353 2751 525 2814 Post
568 2763 670 2814 ter
708 2765 1010 2834 septenos
1056 2775 1268 2819 annos
1284 2755 1472 2840 flore
1506 2775 1719 2839 genas
1761 2775 1862 2818 ve-

352 2853 486 2914 stit
554 2852 834 2931 juventa
877 2851 971 2936 b).
1072 2858 1291 2941 Atque
1361 2855 1537 2920 hunc
1602 2876 1859 2921 morem

352 2966 615 3015 certum
659 2967 759 3018 est
802 2976 838 3018 a
880 2955 1225 3039 juvenibus
1256 2978 1517 3044 quoque
1542 2958 1859 3045 principi-

352 3054 480 3118 bus
513 3053 718 3120 fuisse
752 3056 1032 3125 observa
1176 3059 1586 3126 ,Octaviani
1635 3083 1857 3125 exem·-

348 3159 538 3242 plum
584 3179 668 3224 ex
729 3160 946 3224 Dione
1162 3183 1324 3228 mus.
1409 3165 1514 3229 De
1561 3163 1857 3246 Caligula

290 3290 305 3301 ν
350 3273 577 3325 narrat
637 3259 990 3327 Suetonius
1036 3265 1135 3346 c),
1198 3282 1349 3328 eum
1408 3266 1634 3331 aetatis
1683 3288 1853 3331 anno

348 3361 496 3428 XX.
605 3363 962 3448 sumpsisse
1048 3380 1301 3450 togam,
1396 3380 1473 3431 et
1556 3368 1852 3453 posuisse

348 3462 657 3542 barbam,
750 3479 818 3529 et
885 3467 972 3531 de
1042 3470 1311 3533 Nerone
1355 3467 1462 3552 d),
1533 3469 1710 3533 idem
1767 3467 1851 3532 ab

351 3587 437 3630 eo
492 3566 697 3631 fuisse
763 3567 1003 3634 factum
1069 3584 1279 3635 aetate
1348 3570 1555 3656 magis
1612 3591 1847 3656 prove·

351 3682 487 3746 cta,
531 3690 775 3754 nempe
816 3691 987 3734 anno
1030 3672 1264 3749 xxn„
1327 3687 1395 3738 et
1436 3695 1582 3738 cum
1627 3675 1851 3758 Augu-

350 3784 490 3834 stus
564 3770 696 3855 jam
776 3771 1046 3852 fuisset,
1122 3772 1301 3860 quod
1365 3777 1575 3861 ipsum
1634 3775 1849 3841 numia

349 3892 615 3958 quoque
656 3875 998 3958 praeclare
1044 3876 1493 3946 confirmatur.
1558 3877 1735 3969 Quin
1778 3890 1849 3943 et

348 3974 781 4060 Elagabalum
821 3978 1033 4042 adhuc
1063 3976 1214 4043 huic
1244 3980 1698 4044 consuetudini
1731 3981 1844 4043 ob-

345 4090 776 4161 temperasse,
810 4099 895 4143 ex
927 4078 1145 4144 Dione
1183 4082 1491 4146 discimus
1534 4084 1619 4165 e).
1661 4082 1850 4146 Fuis-

347 4199 419 4243 se
465 4200 618 4244 eum
663 4180 864 4259 diem,
914 4202 1045 4267 quo
1092 4184 1373 4268 primum
1404 4196 1661 4248 resecta
1698 4182 1846 4246 bar-

344 4281 462 4359 ba,
536 4282 825 4349 laetitiae
900 4302 1191 4364 sacrum,
1278 4286 1502 4351 docuit
1576 4290 1841 4350 luvena-

342 4383 428 4447 lis
465 4382 559 4467 ¹¹3:

414 4537 478 4610 a)
516 4536 665 4594 crit.
700 4537 830 4597 Bar.
868 4538 949 4596 ad
979 4560 1111 4598 ann.
1139 4543 1284 4601 Chr.
1313 4544 1404 4606 56.

344 4630 404 4699 e)
438 4626 503 4684 L.
532 4622 791 4686 LXXIX.
822 4628 874 4700 §-
900 4637 984 4691 14-
1166 4632 1220 4707 f)
1260 4632 1380 4689 Sat.
1409 4632 1509 4690 111.
1537 4650 1594 4691 V.
1616 4634 1737 4709 1336.

336 4716 386 4789 i)
423 4715 500 4775 ad
529 4714 717 4776 Attic.
746 4717 812 4775 1..
840 4718 885 4777 1.
913 4737 1009 4796 ep.
1032 4721 1119 4784 16.
1265 4721 1335 4795 k)
1376 4721 1526 4800 Cap.
1550 4724 1640 4784 67.

330 4818 465 4865 tone
496 4805 642 4865 mi'u.

1551 4539 1622 4614 b)
1662 4538 2057 4616 Sontniscip.
2090 4540 2153 4596 L.
2187 4538 2232 4598 I.
2268 4557 2320 4598 c.
2337 4541 2393 4603 6.

1924 4631 1991 4705 g)
2030 4629 2094 4687 L.
2120 4628 2266 4688 LXI.
2300 4631 2351 4700 ᾧ.
2374 4640 2457 4701 19.

1789 4719 1840 4791 1)
1882 4720 2030 4796 Cap.
2061 4732 2153 4786 23.

1979 1139 2053 1182 ca
2087 1122 2477 1183 solennitate
2516 1120 2624 1184 hic
2657 1141 2797 1183 mos
2833 1143 2871 1183 a
2898 1122 3301 1208 principibus
3335 1127 3480 1191 fue·

1974 1221 2064 1283 rit
2128 1216 2534 1300 celebratus,
2612 1222 2693 1285 ab
2748 1224 3061 1307 inspectis
3129 1241 3472 1294 auctorum

1975 1323 2178 1402 locis,
2258 1345 2421 1411 quos
2497 1324 2695 1388 modo
2749 1325 2975 1403 citavi,
3059 1340 3197 1391 tum
3241 1343 3309 1393 et
3351 1352 3476 1412 eo,

1974 1425 2153 1511 quod
2217 1426 2302 1491 de
2345 1428 2613 1490 Nerone
2656 1440 2877 1490 narrat
2915 1428 3048 1492 Dio
3093 1431 3192 1512 s),
3225 1446 3465 1516 *potes

1980 1528 2248 1591 erudiri.
2326 1528 2627 1592 Similem
2674 1550 2927 1592 morem
2962 1531 3244 1596 valuisse
3283 1534 3478 1599 etiam

1978 1629 2149 1713 apud
2201 1630 2648 1715 Hieropolitas
2703 1631 2935 1714 Syros,
2998 1633 3308 1723 perhibet
3347 1638 3480 1699 Lu-

1979 1733 2202 1795 cianus
2244 1732 2336 1815 ¹²).
2389 1732 2580 1796 {dem
2619 1752 2783 1817 ergo
2833 1733 2916 1797 «le
2966 1735 3338 1819 principum
3379 1736 3481 1822 ju-

1978 1854 2221 1899 venum
2289 1833 2561 1899 barbula
2636 1834 3087 1913 sentiendum,
3162 1839 3338 1922 quod
3389 1839 3476 1904 de

1981 1934 2205 2001 verbis
2251 1934 2621 2015 Ciceronis,
2679 1955 2832 2000 cum
2878 1938 2934 2000 is
2984 1936 3184 2001 dixitz
3260 1945 3484 2005 nostri

1978 2039 2104 2102 isti
2139 2038 2484 2103 barbatuli
2496 2038 2771 2117 juvenes
2814 2036 2887 2119 i).
2958 2039 3046 2102 At
3079 2059 3229 2105 cum
3260 2040 3480 2107 videa·

1979 2160 2124 2202 mus
2198 2160 2284 2202 ex
2357 2140 2606 2216 numis,
2691 2139 3119 2206 Octavianum
3195 2140 3476 2222 diutius,

1980 2260 2169 2325 quam
2217 2239 2394 2303 istud
2446 2241 2556 2304 vel
2609 2239 2781 2305 dicta
2839 2244 3281 2323 eonsuetudO,
3355 2247 3469 2310 vel

1979 2343 2214 2406 Dionis
2258 2342 2703 2407 testimonium
2727 2345 3145 2427 permittunt,
3204 2345 3477 2411 barbam

1977 2444 2397 2553 promisisse,
2476 2445 2667 2509 aliam
2731 2444 2874 2528 ejus
2938 2449 3315 2533 explicandi
3371 2470 3475 2512 ar·

1978 2532 2360 2612 cessentlam
2406 2567 2553 2612 esse
2602 2567 2857 2612 causam
2904 2549 3226 2635 intelligo.
3287 2551 3476 2619 Veri·

1965 2618 2191 2713 *simile
2221 2649 2398 2713 enim
2429 2663 2567 2727 est,
2600 2650 2809 2734 posita
2840 2652 3049 2716 semel
3079 2673 3163 2716 ex
3199 2672 3474 2717 consue-

1973 2752 2199 2816 tudine
2261 2750 2473 2836 prima
2530 2750 2762 2829 barba,
2832 2754 3054 2838 paullo
3113 2766 3263 2839 post
3320 2775 3472 2818 ean-

1970 2855 2124 2919 ‹lem
2157 2873 2504 2919 revocasse
2544 2874 2734 2918 eausa
2766 2856 2982 2917 luctus
3016 2855 3286 2939 publici.
3351 2856 3464 2921 Sic

1973 2971 2039 3022 et
2065 2957 2150 3022 de
2176 2960 2225 3022 1.
2249 2957 2531 3020 Caesare
2568 2955 2796 3024 scribit
2824 2957 3177 3020 Suetonius
3195 2955 3304 3040 k):
3349 2980 3469 3025 au-

1968 3064 2117 3124 dita
2147 3060 2337 3123 clade
2378 3059 2732 3122 Tituriana
2758 3060 3028 3121 barbam
3057 3060 3469 3141 capillosque

1968 3163 2334 3236 summisit,
2359 3181 2477 3222 nec
2504 3172 2659 3221 ante
2685 3162 2998 3243 dempsit,
3026 3180 3225 3241 quam
3254 3164 3468 3225 vindi-

1968 3277 2207 3329 casset.
2269 3262 2357 3324 Et
2408 3259 2491 3325 de
2544 3261 2689 3345 ipso
2727 3260 3124 3338 Octaviano,
3168 3261 3288 3324 sed
3327 3262 3464 3346 jam

1967 3366 2267 3451 Augusto
2326 3360 2409 3447 ¹):
2456 3365 2619 3426 adeo
2654 3383 2936 3445 namque
2965 3377 3464 3429 consternatum

1947 3474 2195 3554 fimat
2238 3466 2460 3551 (clade
2498 3465 2810 3563 Variana)
2845 3478 2923 3528 ut
2951 3482 3070 3548 per
3106 3469 3462 3530 continuos

1964 3592 2220 3635 menses
2242 3571 2448 3635 barba
2474 3570 2863 3653 cappiloque
2882 3572 3232 3631 summisso
3257 3576 3465 3651 capue

1963 3673 2296 3734 interdum
2301 3672 2582 3758 foribus
2608 3671 2922 3737 illideret.
2965 3669 3182 3733 Etiam
3209 3672 3304 3738 Μ.
3327 3671 3462 3732 Au-

1960 3772 2214 3836 tonium
2262 3786 2414 3856 post
2450 3772 2703 3837 cladem
2739 3772 3178 3861 Mutinensem
3213 3773 3461 3857 promi-

1961 3874 2124 3938 sisse
2169 3875 2433 3940 barbam
2458 3894 2498 3953 ,·
2532 3873 2732 3940 tradit
2778 3876 3168 3940 Plutarchus
3210 3877 3320 3959 ¹¹²),
3362 3888 3456 3940 at·

1960 3996 2089 4061 que
2128 3977 2306 4041 idem
2353 3977 2592 4043 fecisse
2633 3980 2947 4042 Catonem
2980 3977 3049 4039 in
3080 3976 3306 4041 Africa
3343 3998 3455 4042 au-

1934 4078 2095 4142 -dita
2149 4101 2418 4165 suorum
2481 4079 2653 4164 apud
2726 4079 3057 4164 Thapsum
3125 4078 3451 4142 calamita-

1956 4194 2026 4244 te
2065 4182 2152 4264 ¹¹).
2212 4184 2460 4246 Luctus
2499 4183 2567 4243 in
2605 4181 2963 4246 Octaviano
3008 4179 3256 4264 publici
3299 4201 3448 4244 cau-

1956 4302 2026 4346 sa
2082 4288 2226 4348 esse
2286 4285 2498 4369 potuit
2548 4283 2884 4347 inimicitia
2940 4283 3094 4346 Sex.
3138 4282 3446 4365 Pompeii

1946 4406 2084 4448 non
2130 4399 2265 4449 tam
2318 4386 2474 4462 sibi,
2520 4406 2709 4470 quam
2747 4383 2896 4447 urbi
2933 4382 3183 4466 gravis,
3243 4382 3444 4446 inter-

2544 4541 2606 4612 e)
2649 4538 2798 4614 Cap·
2832 4550 2916 4598 ιο.
2998 4559 3009 4570 ·
3065 4534 3137 4609 d)
3176 4536 3326 4611 Cap.
3354 4548 3441 4602 υ.

2640 4626 2712 4700 h)
2753 4627 2829 4684 de
2865 4628 2976 4684 dea
3009 4625 3182 4701 Syria
3209 4626 3271 4684 in
3297 4624 3439 4688 fine.
3491 4630 3500 4640 ⁸

2304 4720 2398 4792 m)
2431 4718 2493 4776 in
2521 4718 2736 4775 Anton.
2765 4735 2825 4793 p.
2846 4728 2973 4790 923.
3122 4732 3192 4791 n)
3232 4716 3294 4774 in
3326 4717 3439 4773 Ca·
