4509 5584
1081 546 1223 612 388

1085 697 1261 759 enim
1297 692 1444 754 fleri
1482 700 1737 773 poterat
1759 730 1776 761 ‚
1834 696 1907 745 ut
1954 684 2344 749 vocabuium
2380 684 2581 764 istud,

1081 813 1212 877 quo
1243 790 1537 874 reliquae
1568 784 1974 868 inscriptioni
2004 785 2190 849 locus
2223 784 2436 862 fieret,
2469 806 2579 849 ex-

1080 892 1496 965 cluderetur,
1531 889 1626 950 sie
1671 900 1907 963 tamen,
1947 900 2017 949 ut
2048 886 2213 950 illud
2243 886 2578 950 subaudiri

1076 1010 1355 1055 neeesse
1405 989 1523 1065 ait,
1581 1007 1711 1073 quo
1744 986 1942 1048 modo
1996 986 2063 1047 in
2106 989 2318 1051 numia
2351 993 2576 1079 ‘Augu-

1079 1097 1163 1157 sti
1213 1090 1295 1157 ad
1332 1110 1571 1154 annum
1610 1089 1694 1157 V.
1737 1090 1811 1153 C.
1854 1088 2016 1168 737,
2066 1102 2131 1150 et
2166 1090 2378 1173 gentis
2417 1093 2573 1156 San·-

1078 1194 1337 1279 quiniae
1364 1192 1609 1274 legitur
1638 1202 1919 1252 tantuma
1954 1188 2338 1254 AVGVST.
2362 1195 2568 1262 D1V1,

1074 1297 1155 1361 F.
1181 1293 1507 1362 LVDOS.
1542 1291 1729 1356 SAE.
1753 1335 1771 1369 ,
1804 1312 2154 1374 suppresso
2173 1337 2190 1366 ,
2225 1294 2402 1374 quod
2428 1298 2575 1358 sub-

1074 1394 1470 1473 audiendum
1523 1406 1659 1469 eat,
1686 1396 1889 1478 ficit.
1976 1391 2395 1457 Probabilior
2449 1399 2575 1461 alia

1080 1519 1273 1562 causa
1306 1497 1540 1572 fuerit,
1610 1492 1789 1579 quod
1832 1495 2141 1556 naturalis
2182 1496 2576 1580 epigraphes

1074 1600 1192 1663 lex
1236 1618 1419 1660 auam
1466 1596 1768 1662 videatur
1818 1595 2171 1658 lectionem
2222 1597 2573 1679 imperare.

1075 1702 1245 1763 Nam
1282 1702 1435 1763 'cum
1469 1698 1583 1761 illa
1633 1697 1899 1780 incipiat
1940 1717 2087 1760 cum
2140 1711 2327 1761 recto
2381 1702 2577 1767 COS.

1078 1802 1317 1875 x1111.,
1388 1804 1523 1863 no‘n
1584 1801 1830 1884 poterit
1878 1801 2089 1862 oratio
2156 1800 2373 1863 claudi
2426 1823 2576 1866 cum

1078 1902 1400 1967 vocabulo
1455 1900 1837 1981 Ace-eptae,
1870 1899 1989 1961 sed
2034 1899 2343 1983 Accepit.
2427 1905 2578 1966 Non

1077 2021 1449 2087 negavero,
1498 2003 1568 2063 in
1615 2002 1736 2063 hac
1770 2000 2080 2064 Morcelli
2128 2004 2452 2069 sententia
2483 2006 2579 2067 in-

1082 2104 1455 2189 scriptionis
1488 2102 1705 2165 atilum
1742 2105 1946 2185 magis
1982 2123 2127 2166 esse
2157 2104 2468 2185 nitidum,
2500 2127 2576 2170 ae

1082 2223 1366 2283 tersum,
1447 2226 1531 2269 an
1586 2224 1748 2271 'vero
1795 2204 1988 2266 etiam
2052 2206 2315 2268 veritati
2371 2208 2577 2292 magia

1081 2322 1610 2383 consentaneum,
1645 2325 2046 2390 magnopere
2068 2304 2380 2374 dubitem.
2422 2311 2578 2373 Ete-

1078 2413 1212 2473 nim
1252 2412 1307 2474 εἰ
1354 2411 1447 2473 sic
1478 2409 1691 2493 legas,
1745 2409 1838 2484 is,
1890 2407 2000 2491 qui
2026 2405 2258 2491 fruges
2289 2411 2575 2496 accepit,

1079 2533 1213 2575 non
1250 2513 1377 2575 erit
1413 2510 1733 2596 populus,
1770 2508 1890 2572 sed
1919 2509 2360 2589 Domitianua‚
2396 2514 2508 2598 qui
2539 2536 2576 2576 a

1082 2615 1331 2697 populo
1366 2613 1639 2696 accepit.
1683 2615 1771 2675 At
1796 2631 1961 2677 vero
1986 2610 2236 2673 nullum
2260 2612 2573 2677 habemus

1083 2729 1379 2779 veterum
1433 2714 1909 2789 testimonium,
1960 2732 2087 2795 per
2136 2713 2258 2776 hos
2303 2714 2495 2778 ludos
2536 2705 2605 2780 a*

1079 2815 1326 2901 populo
1357 2815 1757 2899 principibus
1784 2835 2016 2876 munus
2036 2813 2239 2879 fuisse
2263 2816 2572 2894 oblatum,

1081 2917 1201 2981 aed
1226 2910 1441 3001 potius
1488 2916 1903 2979 contrarium.
1982 2918 2168 3001 Ergo
2207 2937 2357 2980 cum
2399 2919 2575 2982 istud

1080 3019 1348 3103 probari
1390 3038 1524 3080 non
1554 3018 1794 3099 possit,
1850 3038 2065 3104 neque
2101 3019 2208 3085 vel
2238 3019 2574 3084 levissimo

1081 3133 1468 3205 argumento
1496 3120 1876 3203 probaverit
1893 3119 2032 3205 ipae
2053 3119 2193 3203 ejus
2211 3108 2574 3185 sententiae

1080 3236 1341 3299 auctor,
1401 3241 1746 3306 possumus
1804 3219 2017 3284 adhuc
2072 3222 2576 3306 explicationem

1058 3322 1418 3409 ‘receptam
1461 3324 1681 3407 aequi,
1751 3336 1819 3385 et
1862 3323 2253 3388 beneficium
2291 3324 2465 3388 istud
2507 3328 2578 3388 in

1084 3428 1396 3510 populum
1429 3428 1741 3489 collatum
1773 3425 2073 3489 eredere.

1470 3595 1552 3656 V.
1596 3596 1670 3658 G.
1709 3592 1835 3665 842
1874 3595 1948 3657 P.
1980 3591 2074 3655 Χ.
2102 3594 2209 3670 80.

1098 3713 1226 3774 ΤΒ.
1253 3715 1327 3776 Ρ.
1350 3710 1543 3775 VIII.
1567 3710 1691 3773 IX.
1734 3710 1924 3774 coS.
1963 3711 2158 3773 XIV.
2194 3710 2400 3775 DES.
2421 3710 2574 3778 XV.

1229 3834 1301 3895 Ρ.
1339 3831 1441 3891 M.
1483 3832 1554 3893 P.
1594 3830 1671 3894 Ρ.
1711 3827 1956 3893 GENS.
1992 3829 2189 3891 IMP-
2224 3829 2429 3896 XXI.

2250 516 2402 590 Do
2426 517 3027 592 MITIANVS

2705 686 2776 750 T.
2843 687 3135 749 Aut-eleo
3215 685 3424 747 fulvo
3479 684 3578 749 II.
3657 685 3750 747 A.
3800 685 4145 771 Sempronio

3196 769 3530 847 >itt-atino
3564 807 3698 850 cos.

2815 970 3154 1050 DeIiciunt
3183 1000 3364 1050 certa
3394 985 3590 1069 hujus
3622 985 3775 1050 anni
3802 993 3993 1071 gesta:
4033 992 4148 1051 Ali·
4219 1018 4234 1029 ,

2689 1089 2801 1173 qui
2854 1088 2931 1152 ad
2978 1088 3151 1151 hunc
3192 1108 3430 1149 annum
3457 1088 3816 1151 Domitiani
3852 1087 3917 1149 in
3958 1090 4146 1154 Dacos

2690 1190 3175 1275 expeditionem
3211 1189 3534 1255 referunt.

2816 1294 2977 1355 Para
3015 1311 3397 1368 numorum,
3443 1289 3555 1375 qui
3594 1290 3751 1356 trib.
3785 1304 4141 1375 potestatem

2692 1396 2864 1461 VIII.
2942 1406 3011 1457 et
3075 1393 3483 1457 consulatum
3559 1392 3735 1460 XIV.
3807 1395 4146 1485 continent,

2692 1515 2987 1580 quosque
3014 1494 3095 1557 ad
3130 1516 3366 1557 annum
3398 1494 3814 1576 superiorem
3844 1493 4150 1580 descripsi,

2692 1595 2774 1661 ad
2833 1597 3009 1660 hune
3065 1596 3260 1660 etiam
3308 1616 3543 1658 annum
3600 1611 3873 1678 possunt
3918 1597 4149 1674 referri,

2691 1698 2819 1761 nisi
2856 1697 3032 1760 aliud
3081 1694 3441 1781 praecipiat
3487 1696 3902 1782 imperatoris
3952 1700 4148 1761 titulus

2695 1813 2929 1884 quater
2956 1799 3023 1862 in
3064 1798 3193 1862 hoc
3230 1797 3557 1863 tribunatu
3595 1813 3862 1878 auctus,
3919 1800 4026 1864 sed
4057 1801 4150 1883 qui

2692 1922 2927 1986 parum
2968 1888 3441 1984 chronologiae
3474 1902 3699 1967 servit.

3021 2004 3200 2063 IMP.
3277 2003 3523 2065 CAES.
3604 2002 3920 2065 DOMIT.
3975 2000 4151 2065 AVG.

3018 2103 3294 2170 GERM.
3349 2106 3428 2169 P.
3485 2107 3577 2170 M.
3637 2106 3786 2169 TR.
3856 2105 3925 2163 P.
3981 2105 4190 2171 Vllll..

3024 2208 3238 2289 Caput
3270 2209 3667 2270 laureacum.

2692 2306 3543 2372 IMP.xx1.cOS.x1111.
3581 2306 3833 2370 GENS.
3886 2306 3960 2368 P.
3994 2305 4059 2368 P.
4089 2305 4151 2368 P.

2701 2409 2947 2471 Pallas.
2994 2409 3135 2473 AB.
3174 2411 3371 2490 (Mus.
3400 2403 3625 2491 Caes.)

2816 2512 3083 2572 Aeneoa
3127 2525 3346 2574 certos
3390 2511 3581 2591 hujus
3622 2509 3780 2573 anni
3821 2528 3950 2571 non
3991 2506 4154 2569 habe-

2693 2633 2862 2680 mus.
2951 2612 3264 2675 Ceterum
3326 2610 3407 2674 ad
3470 2632 3707 2674 annum
3773 2623 4152 2697 praesentem

2695 2734 2902 2815 aeqne
2944 2734 3020 2777 ac
3070 2706 3576 2797 praecedentem
3622 2714 3956 2797 pertinent
3994 2710 4149 2771 numi

2691 2816 2993 2901 inscripti
3030 2812 3221 2880 COS.
3250 2817 3459 2893 xlv„
3507 2814 3617 2900 qui
3658 2814 4022 2877 consulatus
4063 2832 4155 2872 nu·

2692 2912 2912 2984 merua
2952 2933 3301 3005 utrumque
3338 2938 3573 2980 annum
3609 2927 3905 2998 occupat.
3975 2988 3986 2999 .
4081 3000 4086 3007 .

3079 3191 3165 3252 V.
3214 3187 3283 3252 C.
3315 3185 3446 3262 843
3486 3190 3561 3253 Ρ.
3593 3189 3686 3252 X.
3711 3208 3821 3272 qo.

2800 3309 2931 3371 Ta.
2974 3310 3046 3370 P.
3079 3306 3208 3373 IX.
3248 3307 3438 3370 COS.
3474 3307 3632 3371 XV.
3669 3311 3744 3372 Ρ.
3789 3306 3893 3369 M.
3928 3307 3991 3367 Ρ.
4029 3303 4088 3364 Ρ.

3082 3424 3333 3489 GENS.
3369 3425 3573 3492 IMP.
3605 3425 3810 3490 XXI.

2698 3567 3093 3628 Domitiano
3133 3564 3320 3645 Aug.
3351 3563 3510 3629 XV.
3559 3538 3668 3626 M.
3709 3566 3980 3627 Cocceio
4023 3555 4162 3622 Ner-

3256 3685 3340 3729 va
3376 3665 3474 3727 II.
3502 3685 3633 3728 cos.

2825 3834 3079 3896 Incerta
3117 3830 3310 3893 etiam
3336 3831 3529 3914 hujus
3565 3831 3715 3894 anni
3744 3828 3970 3914 gesta-
4039 3856 4057 3870 ·

1088 4139 1162 4200 A.
1365 4137 1542 4198 ΙΜΡ.
1588 4134 1836 4201 CAES.
1877 4134 2191 4197 ΒΟΜΙΤ.
2235 4136 2440 4205 AVG.
2485 4136 2757 4203 GERM.
2802 4138 2993 4203 COS.
3027 4138 3173 4204 XV.
3218 4137 3466 4203 GENS.
3498 4136 3695 4202 PER.
3734 4138 3810 4200 P.
3843 4138 3915 4196 P.
3978 4134 4161 4208 Caput

1494 4238 1872 4300 laureatum
1913 4239 1988 4298 in
2024 4238 2182 4302 AE.
2224 4239 2276 4301 I.
2319 4241 2699 4304 laureatum
2743 4239 2846 4302 vel
2885 4244 3221 4300 radtatum
3264 4243 3337 4301 in
3380 4240 3539 4303 AE.
3577 4241 3669 4301 II.

1080 4341 1160 4403 B.
1361 4337 1940 4404 DOMITIANVS.
1984 4339 2478 4408 AVGVSTVS.
2554 4342 2768 4422 Caput
2808 4342 3221 4415 laureatum,
3263 4344 3334 4401 in
3374 4343 3535 4403 AV.

1083 4440 1157 4503 C.
1366 4440 1543 4507 ῙΜΡ.
1589 4439 1835 4505 CAES.
1878 4440 2192 4508 DOMIT.
2237 4441 2440 4510 AVG.
2484 4440 2755 4503 GERM.
2800 4441 2874 4501 P.
2917 4444 3012 4506 Μ.
3058 4441 3195 4501 TR.
3249 4436 3325 4505 Ρ.
3360 4442 3561 4508 V1111.
3653 4442 3867 4523 Caput
3929 4439 4166 4497 laurea·

1493 4553 1666 4618 tum,
1710 4546 1784 4603 in
1817 4542 1979 4609 AR.

1082 4646 1166 4711 D..
1369 4640 1553 4705 ΙΜΡ.
1588 4643 1901 4708 DOMIT.
1946 4642 2148 4713 AVG.
2196 4642 2471 4709 GERM.
2516 4644 2705 4710 COS.
2751 4644 2896 4714 XV.
2964 4645 3177 4726 Caput
3223 4645 3633 4715 laureatum,
3680 4646 3750 4703 In
3793 4631 4104 4703 AE.111.
