4509 5584
1518 589 2361 666 VESPASIANVS.

386 762 651 827 PONT.
698 756 911 826 Max.
966 761 1106 821 ΤΒ.
1144 759 1220 823 Ρ.
1256 756 1458 822 cOS.
1499 759 1643 824 Vn.
1680 759 1758 823 P.
1795 759 1875 824 P.

390 859 717 930 Columna
754 873 1084 938 rostrata,
1141 863 1253 922 cui
1298 861 1563 923 insistit
1606 862 1881 923 simula-

383 988 570 1031 crum
600 967 848 1028 nudum
879 965 1103 1044 capite
1141 963 1443 1039 radiato,
1497 964 1562 1025 d.
1594 963 1880 1037 hastam,

382 1089 436 1130 s.
482 1068 644 1145 quid
707 1069 925 1127 instar
974 1066 1333 1147 parazonis‘
1401 1076 1649 1148 tenens.
1730 1059 1877 1130 Av.

384 1165 739 1251 (uorem.)

512 1271 732 1351 Typus
787 1264 896 1329 hic
947 1267 1015 1327 in
1070 1264 1483 1351 sequentium
1535 1265 1731 1330 *etiam
1772 1286 1879 1328 an-

265 1421 274 1430 .
384 1391 621 1434 norum
675 1367 921 1442 numis,
987 1379 1122 1428 tum
1167 1380 1234 1430 et
1295 1369 1579 1431 filiorum
1625 1368 1877 1431 visitur.

385 1470 968 1535 Adhucidoneum
1008 1468 1458 1552 interpretem,
1485 1483 1710 1532 nactus
1745 1489 1881 1531 non

389 1588 525 1645 est,
565 1592 782 1656 neque
829 1591 956 1653 ego
1000 1571 1388 1653 promittere
1431 1571 1669 1646 ausim,
1728 1590 1882 1633 con·

387 1680 683 1762 jccturae
745 1693 966 1748 meae,
1029 1693 1219 1755 quam
1280 1692 1432 1733 mox
1487 1670 1880 1752 producam,

385 1780 626 1861 justum
701 1773 956 1860 pondus
1030 1773 1269 1838 inesse.
1392 1774 1883 1874 Havercampus

386 1892 648 1955 censet,
704 1875 1007 1940 exhiberi
1048 1879 1341 1939 veterem
1380 1875 1748 1937 columnam
1777 1895 1882 1937 ro·

389 1994 686 2055 stratam,
773 1997 941 2061 quae
1014 1975 1083 2036 in
1143 1975 1526 2042 Vitelliano·
1575 1976 1883 2039 incendio

387 2084 702 2168 perierit,
735 2079 1035 2141 restituta
1068 2075 1342 2138 subinde
1377 2100 1414 2140 a
1441 2078 1882 2161 Vespasiano,

387 2185 582 2268 hujus
623 2201 786 2244 vero
823 2178 1238 2263 imperatoris
1290 2198 1438 2240 esse
1479 2192 1748 2243 statuam
1784 2180 1883 2241 illi

390 2285 779 2370 impositam.
893 2280 1323 2356 Eruditorum
1407 2280 1684 2370 judicio⁸
1736 2303 1884 2366 per·

389 2389 610 2462 mitto,
684 2407 766 2448 an
804 2404 937 2446 non
979 2382 1135 2457 alia,
1194 2381 1569 2467 certiorque
1617 2383 1744 2448 hcc
1793 2398 1885 2467 ty-

389 2510 478 2573 po
538 2501 742 2551 statua
812 2481 1242 2567 intelligenda
1298 2482 1413 2557 sit,
1476 2503 1554 2546 ea
1612 2489 1884 2568 nempe,

392 2590 477 2657 de
540 2612 701 2673 qua,
792 2601 1093 2670 tanquam
1171 2583 1254 2646 de
1311 2583 1469 2646 artis
1530 2584 1884 2662 miraculo,

395 2691 658 2775 copiosa
729 2687 1044 2751 habemus
1118 2700 1419 2750 veterum
1479 2687 1886 2762 testimonia,

395 2807 463 2856 et
522 2812 692 2876 quae,
731 2790 873 2872 ipsa
921 2787 1304 2871 Vespasiani
1364 2808 1622 2872 quoque
1683 2789 1889 2869 impe-

396 2893 569 2956 rium
634 2890 1019 2953 nobilitavit.
1117 2890 1358 2950 Erecta
1420 2886 1544 2950 fuit
1602 2890 1885 2952 Neronis

394 2996 614 3077 jussu,
658 2993 979 3076 hujusque
1012 2989 1282 3072 insignis
1317 2988 1633 3070 imagine,
1667 2990 1886 3073 operis

396 3096 758 3160 architecto
793 3090 1180 3166 Zenodoro,
1233 3091 1358 3153 alta
1407 3089 1613 3169 pedes
1662 3092 1775 3152 CX
1804 3093 1886 3171 ¹¹),

400 3198 720 3262 Suetonio
758 3194 964 3278 pedes
1019 3192 1194 3256 CXX
1222 3189 1322 3270 b),
1366 3192 1442 3255 Ρ.
1467 3191 1724 3259 Victori
1751 3193 1886 3255 ΟΠ.

398 3301 595 3364 semis
643 3303 741 3378 θ),
801 3295 1093 3360 Eusebio
1153 3290 1617 3373 cxxvltsd),
1686 3293 1888 3355 Dioni

397 3403 448 3464 C
498 3405 572 3482 e).
647 3400 820 3462 Divo
881 3398 1289 3477 Hieronymo
1325 3395 1504 3462 cVn
1544 3392 1618 3476 ¹).
1695 3395 1889 3458 Dam-

397 3503 565 3567 natis
590 3500 874 3563 Neronis
908 3496 1267 3562 sceleribus
1299 3515 1448 3559 cum
1486 3516 1627 3559 eam
1653 3496 1887 3560 vitium

393 3625 645 3689 passam
702 3599 1124 3665 reficiendam
1181 3596 1614 3680 Vespasianus
1674 3617 1888 3660 curas—

396 3720 532 3781 set,
578 3703 845 3788 dempto
890 3700 1044 3763 inde
1088 3699 1231 3781 ejus
1284 3698 1594 3781 principis
1637 3701 1887 3784 capite,

395 3807 699 3890 Solisque
764 3804 1070 3887 imposito
1137 3801 1347 3884 capite
1404 3800 1546 3863 Soli
1595 3822 1736 3864 eam
1794 3801 1888 3862 di-

397 3908 567 3970 cavit
612 3907 695 3985 s),
780 3906 1099 3970 Habuisse
1159 3901 1334 3965 hunc
1407 3902 1731 3968 colossum
1789 3925 1889 3992 ra·

397 4008 541 4069 dios
585 4010 768 4084 Vll.,
828 4020 1144 4070 testantur
1181 4005 1653 4085 Hieronymus,
1716 4018 1782 4066 et
1810 4006 1886 4069 P.

398 4110 631 4174 Victor
671 4107 768 4191 h),
813 4124 883 4172 et
919 4109 1183 4193 quidem
1218 4105 1549 4188 posterior
1598 4104 1888 4187 singulos

397 4212 599 4274 fuisse
638 4211 877 4294 pedum
915 4213 1118 4275 xxti.
1155 4207 1388 4283 semis,
1454 4226 1584 4290 quo
1626 4205 1709 4269 de
1738 4226 1888 4289 pro-
1933 4203 1954 4216 ⁶

401 4314 578 4398 digio
612 4314 925 4376 Martialis
967 4311 1048 4400 i),

522 4415 664 4479 Nec
696 4429 760 4478 te
781 4419 1078 4477 detineat
1115 4415 1273 4474 miri
1299 4411 1573 4473 radiata
1612 4409 1888 4485 colossi,

471 4640 722 4714 symm.
755 4640 818 4699 L.
841 4637 1104 4695 XXXIV.
1137 4641 1294 4709 §.18.

398 4733 459 4801 e)
497 4731 564 4787 L.
583 4730 733 4790 LVI.
760 4735 810 4801 §.
837 4743 919 4790 15.
1067 4729 1121 4799 s)
1163 4729 1224 4784 in
1249 4724 1550 4783 Habacuc.
1584 4744 1634 4783 c.
1652 4737 1708 4789 3.

402 4823 585 4897 epigr.
613 4833 701 4882 71.
853 4821 916 4890 k)
961 4820 995 4876 l.
1021 4837 1067 4874 c.

1443 4634 1514 4706 b)
1553 4635 1614 4689 in
1648 4635 1884 4692 Nerone
1918 4653 1968 4692 c.
1990 4646 2079 4698 31.

1858 4728 1923 4799 g)
1965 4724 2116 4783 Plin.
2145 4722 2484 4796 Ilicronym.
2516 4722 2577 4782 ll.
2607 4743 2693 4781 cc.

3346 622 3491 691 535
3538 604 3545 621 ²

2207 758 2398 841 Quae
2431 758 2775 823 Rhodium
2812 765 3017 828 moles
3045 768 3302 833 vincere
3317 792 3484 855 gou-

2981 869 3091 928 det
3124 889 3306 950 opus.

1992 963 2125 1024 lam
2180 980 2349 1025 vero
2397 975 2466 1025 et
2503 961 2817 1028 radiatum
2875 981 3063 1049 caput
3113 985 3253 1047 est,
3308 973 3513 1058 qaod*

1990 1062 2059 1124 in
2109 1062 2322 1124 numis
2369 1062 2933 1128 his.simulacrum
2984 1067 3199 1135 offert.
3276 1074 3515 1157 Egre·‘

1993 1162 2101 1246 gie
2141 1164 2336 1227 etiam
2382 1165 2742 1249 respondet
2786 1180 3087 1251 tempus3
3138 1192 3283 1234 nam
3318 1195 3488 1239 anno

1993 1265 2257 1327 demum
2304 1267 2413 1344 V„
2446 1268 2518 1330 C.
2563 1269 2720 1350 829,
2778 1288 2923 1329 -uon
2974 1286 3193 1346 antea,
3259 1274 3366 1337 hic
3418 1278 3487 1339 in

1992 1368 2203 1427 numis
2258 1380 2446 1449 typus
2495 1370 2883 1451 conspicuus
2921 1369 3005 1432 lit.
3097 1373 3182 1435 At
3232 1391 3485 1443 constat

1995 1487 2077 1529 ex
2134 1469 2350 1530 Dione
2381 1466 2481 1550 ¹²),
2546 1469 2881 1532 colossum
2935 1471 3106 1535 hunc
3159 1476 3486 1560 insignem

1993 1590 2187 1641 anno,
2226 1571 2303 1636 V.
2352 1571 2425 1634 G.
2474 1572 2599 1632 828
2653 1570 2720 1631 in
2775 1573 2877 1634 via
2934 1593 3112 1636 sacra
3165 1577 3489 1656 locatum,

1995 1690 2189 1754 quem
2244 1669 2447 1746 adeo,
2520 1684 2592 1732 nt
2650 1674 2815 1734 tanti
2881 1675 3230 1739 moliminis
3288 1700 3488 1764 opus,

1995 1784 2187 1855 atque
2232 1772 2302 1832 in
2345 1773 2557 1834 solem
2599 1772 2838 1857 religio
2883 1779 3290 1859 merebatur,
3351 1784 3487 1867 pla-

1995 1874 2129 1935 cuit
2174 1894 2520 1938 numorum
2566 1875 2757 1937 etiam
2797 1877 3177 1944 celebritate
3212 1882 3487 1950 efferre.

1997 1976 2250 2043 Verum
2291 1998 2455 2060 quae
2488 1998 2569 2039 ex
2600 1978 2780 2038 numi
2816 1978 3100 2064 ima’gine
3150 2004 3278 2045 non
3324 1986 3489 2048 levis

1999 2078 2326 2160 enascitqr
2394 2078 2778 2154 difficultas,
2858 2095 3004 2155 est,·
3045 2083 3221 2167 quod
3277 2099 3491 2151 tantae

1998 2177 2389 2254 altitudinis,
2452 2180 2894 2265 ponderisque
2946 2185 3243 2246 colossus
3287 2186 3496 2269 impo-

1998 2279 2157 2339 situs
2198 2294 2297 2341 est
2327 2280 2701 2359 columnae,
2752 2305 2923 2361 non,
2975 2285 3147 2369 quod
3182 2288 3301 2349 hue
3345 2309 3492 2351 cau-

2000 2400 2108 2442 sae
2142 2383 2475 2463 postulare
2520 2382 2861 2461 videntur,
2915 2384 3090 2463 basi,
3135 2400 3273 2450 tum
3317 2389 3493 2473 quod

2000 2502 2077 2544 ea
2130 2484 2389 2547 navium
2450 2485 2682 2547 rostris
2766 2473 3144 2566 decoratur,
3218 2511 3496 2573 quorum

2000 2604 2154 2646 sane
2202 2585 2371 2647 ratio
2431 2584 2802 2667 ignoratur,
2864 2611 3081 2676 neque
3126 2593 3494 2656 meminere

2000 2686 2067 2745 in
2146 2687 2388 2749 colossi
2470 2686 2911 2770 descriptione
2988 2705 3274 2756 veteres.
3361 2696 3495 2761 Ve-

1999 2806 2190 2863 reor,
2238 2808 2325 2850 ne
2379 2800 2651 2872 utraque
2706 2790 2869 2854 haec
2907 2792 3239 2874 peristasis
3280 2795 3499 2875 conje-

2002 2899 2226 2950 cturae
2270 2910 2458 2952 meae
2496 2891 2799 2954 damnosa
2838 2892 2939 2953 sit.
3002 2894 3500 2960 Iit-rostrorum

2003 2988 2267 3073 quidem
2315 2990 2706 3075 explicatum
2741 2994 3163 3077 ignoramus,
3190 3011 3265 3059 ut
3312 2998 3498 3083 igno-

2001 3111 2218 3153 ramus
2266 3091 2580 3176 pleraque
2634 3094 2823 3176 hujus
2856 3157 2865 3164 ,
2897 3098 3123 3186 aetatis
3171 3098 3338 3161 facta
3386 3098 3501 3170 de-

2001 3191 2280 3275 perditis
2320 3194 2531 3256 Taciti
2563 3209 2633 3259 et
2668 3196 2902 3259 Dionis
2937 3198 3244 3282 operibns
3265 3242 3284 3277 ,
3329 3220 3496 3283 quae

2002 3281 2236 3377 ma'gno
2274 3296 2340 3356 in
2385 3296 2785 3380 explicandis
2838 3298 3134 3380 priorum
3179 3322 3495 3364 annorum

1999 3395 2213 3455 nuruis
2258 3385 2448 3459 fuere
2493 3398 2814 3476 subsidio,
2852 3411 2942 3463 ‘et
2985 3401 3161 3465 forte
3200 3424 3333 3464 non
3378 3404 3497 3465 im-

2000 3496 2359 3578 probabilis
2408 3501 2823 3581 conjectura,
2896 3504 3097 3586 petita
3165 3524 3249 3566 ex
3310 3504 3496 3570 felici

2000 3599 2383 3681 Vespasiani
2414 3599 2492 3663 ab
2533 3600 2811 3665 Oriente
2842 3605 3078 3681 reditu,
3115 3606 3297 3687 cujus
3331 3628 3496 3689 sym·

1997 3698 2224 3762 bolum
2272 3702 2368 3764 sol
2408 3716 2537 3778 est,
2574 3703 2822 3767 adferri
2855 3719 3115 3790 posset,
3155 3709 3209 3769 si
3232 3708 3497 3774 luberet

2000 3800 2350 3865 inhaerere
2402 3804 2818 3885 conjecturis.
2921 3808 3027 3868 Ad
3085 3808 3267 3871 idem
3324 3809 3498 3874 forte

2001 3920 2451 3987 argumentum
2492 3905 2833 3969 referendi
2867 3921 3013 3970 sunt
3048 3912 3227 3971 numi
3265 3933 3497 3995 argen-

2002 4006 2094 4068 tei
2129 4005 2197 4065 in
2235 4006 2573 4068 consulatu
2606 4008 2989 4091 Vespasiani
3023 4012 3201 4076 Vm.
3239 4012 3496 4093 signati,

2001 4093 2070 4166 in
2146 4127 2423 4189 quorum
2506 4126 2732 4170 aversa
2788 4130 2987 4192 prora
3048 4112 3227 4173 navis
3289 4113 3499 4174 immi-

1999 4220 2200 4269 nente
2237 4207 2526 4289 desuper
2565 4220 2738 4271 astro
2775 4205 2969 4287 solis,
3042 4210 3109 4271 in
3148 4210 3381 4297 quibus
3416 4214 3492 4274 il·

1911 4335 1918 4342 ·
2000 4306 2115 4369 lud
2174 4322 2416 4370 astrum
2474 4309 2620 4374 vice
2692 4312 2933 4374 colossi
2995 4310 3136 4374 Soli
3189 4311 3491 4391 dedicati,

2003 4422 2071 4472 et
2104 4408 2288 4472 navis
2322 4409 2466 4475 vice
2513 4410 2856 4476 columnae
2886 4426 3211 4476 rostratae.
3247 4415 3491 4497 positae

2229 4635 2292 4707 c)
2331 4632 2391 4689 in
2425 4633 2690 4708 Regione
2717 4633 2821 4720 ¹1V.
2973 4635 3041 4708 d)
3080 4636 3141 4693 in
3181 4637 3479 4694 Chronico

2838 4725 2911 4799 h)
2950 4723 3012 4782 ll.
3046 4744 3200 4786 ccu-
3288 4725 3336 4799 i)
3376 4727 3439 4782 L.
3464 4681 3508 4786 1⁴.
