4509 5584
1398 576 1794 656 IVLIVS
1865 576 2382 664 CAESAR..-
3346 603 3433 667 Π

310 745 419 832 qui
453 746 761 812 iteratum
795 746 1054 833 saepius
1087 747 1262 813 hune
1308 747 1635 814 honorem
1661 766 1815 835 pro-

313 847 575 914 derent.
666 849 983 915 Citantun·
1037 850 1303 939 quidem
1379 854 1575 945 etiam
1631 853 1814 917 numi

305 949 649 1036 inscripti:
716 953 894 1014 IMP.
968 955 1078 1019 111.
1162 955 1341 1020 ῙΜΡ.
1408 956 1561 1019 ἸΙΠ.
1640 957 1818 1019 ΙΜΡ.

310 1049 560 1146 QVIN.
605 1055 782 1121 ΙΜΡ.
847 1055 1135 1132 8ΕΧΤ.,
1194 1076 1430 1119 verum
1475 1055 1640 1120 tales
1686 1077 1820 1119 non

308 1154 573 1232 inveni,
634 1155 762 1218 nisi
819 1157 992 1241 apud
1069 1148 1446 1230 Goltzium,
1523 1169 1593 1221 et
1668 1177 1817 1235 eos,

309 1257 423 1342 qui
483 1256 734 1320 Goltzii
811 1259 1048 1322 scrinia
1109 1257 1525 1341 expilarunt,
1593 1258 1821 1325 viden-

308 1372 547 1444 turque
592 1358 675 1422 ab
721 1359 849 1423 hoc
894 1357 1159 1424 conficti
1203 1380 1325 1445 pro
1371 1380 1653 1424 numero
1702 1363 1818 1430 Vl.

308 1459 829 1545 triumphorum,
908 1481 1072 1546 quos
1160 1462 1377 1544 egisse
1469 1462 1818 1526 Caesarem

230 1584 237 1591 ·
310 1563 628 1626 continuo
688 1584 885 1647 supra
942 1562 1100 1628 dixi.
1163 1561 1372 1641 vide,
1447 1582 1613 1649 quae
1686 1562 1819 1645 huc

314 1663 712 1748 pertinentia
788 1663 1071 1728 indicavi
1125 1663 1195 1725 in
1264 1666 1672 1755 praefatione
1735 1665 1820 1731 ad
1942 1698 1952 1706 ·

312 1778 701 1849 praesentes
773 1766 1282 1852 imperatorum,
1341 1767 1821 1853 Augustorum·

314 1887 438 1952 que
475 1888 767 1949 numos„

430 1968 545 2031 Ad
573 1968 926 2034 secundam
966 1970 1287 2034 rationem
1328 1969 1637 2038 videntur
1667 1992 1823 2055 per·

313 2071 531 2136 tinere
576 2074 755 2134 numi
799 2070 881 2136 ab
927 2092 1095 2135 anno
1138 2073 1347 2141 V.·C.
1392 2094 1519 2157 7oq
1581 2074 1819 2158 signati

313 2192 459 2236 eum
500 2174 866 2259 epigraphe
911 2175 1281 2238 CAESAR.
1316 2176 1494 2239 mP.
1542 2170 1650 2240 vel
1688 2178 1818 2238 ΙΜ-

310 2276 551 2355 PER„
608 2276 734 2340 etsi
780 2298 853 2337 το
902 2279 1079 2339 ῙΜΡ.
1126 2275 1570 2362 praenominis
1614 2277 1813 2343 modo

305 2398 434 2439 non
484 2391 965 2463 praeponatur,
1009 2368 1126 2443 sed
1166 2393 1508 2464 sequatur,
1559 2378 1643 2443 de
1681 2401 1812 2465 quo

308 2479 498 2563 lege,
556 2500 722 2565 quae
770 2479 1242 2565 disputabimus
1284 2481 1352 2543 in
1399 2495 1676 2545 tractatu
1723 2482 1809 2547 de

304 2580 505 2645 titulo
569 2584 1021 2665 Imperatoris,
1099 2603 1296 2668 quem
1358 2584 1427 2645 in
1468 2583 1804 2651 volumine

312 2684 479 2750 vm.
519 2683 713 2769 hujus
746 2685 967 2775 operis
999 2685 1322 2754 dabimus.

584 2870 1023 2956 Pontifex
1076 2872 1547 2937 Maximus.

425 2991 542 3054 De
580 2988 709 3053 hoc
741 2989 1120 3073 magistratu
1159 2990 1271 3074 egi
1302 3008 1495 3074 supra
1527 2990 1594 3053 in
1623 3012 1815 3055 anna·

310 3092 494 3156 libus.
544 3094 830 3178 Legitur
870 3094 1063 3157 etiam
1096 3092 1443 3178 aliquoties
1477 3094 1546 3157 in
1575 3092 1811 3168 numis‚

313 3196 554 3281 scripto
618 3197 696 3263 Ρ.
735 3201 829 3262 Μ.
878 3195 988 3261 vel
1044 3193 1310 3260 PONT.
1359 3196 1572 3259 MAX..
1629 3194 1811 3259 dein·

315 3317 463 3384 ceps
493 3300 564 3362 in
591 3299 963 3384 principum
991 3296 1209 3360 numia
1241 3296 1467 3364 obvio.

905 3483 1233 3568 Augur.

429 3604 672 3670 Fuisse
697 3601 1047 3667 Caesarem
1074 3604 1251 3667 inter
1277 3622 1562 3688 augures
1592 3622 1819 3680 unum,

315 3708 592 3793 probant
624 3706 909 3793 primum
938 3704 1316 3790 scriptores.
1352 3706 1485 3795 Dio
1518 3704 1631 3787 ⁸)x.
1650 3707 1821 3767 Pon-

318 3810 642 3896 tzficibus,
696 3810 850 3874 AV
851 3806 991 3871 GV
987 3808 1224 3870 BIBV
1218 3808 1271 3871 S
1283 3852 1303 3885 ,
1345 3826 1435 3870 ex
1470 3807 1709 3886 quibus
1753 3816 1821 3868 et

316 3916 453 3996 ipse
476 3923 657 3989 erat,
678 3911 1259 3992 qeeindecumviris,
1290 3910 1586 3991 singulis
1615 3925 1823 3969 unum

318 4018 599 4080 addtdit.
654 4015 745 4076 Et
813 4012 1052 4075 Cicero
1085 4008 1190 4095 b)-=
1268 3992 1550 4094 Sperat-e
1595 4022 1820 4072 tamen

315 4118 554 4193 videor,
600 4116 899 4191 Caesari,
926 4114 1223 4196 collegae
1245 4125 1499 4189 nostro,
1511 4114 1680 4196 fore
1708 4133 1822 4173 cu-

315 4236 428 4279 me
467 4230 597 4282 etc.
685 4217 907 4280 Fuere
960 4228 1178 4279 autem
1225 4214 1463 4279 Cicero
1482 4261 1502 4293 ,
1551 4227 1622 4279 et
1665 4213 1818 4278 Ser·

317 4317 540 4397 vilius,
582 4319 671 4384 ad
711 4338 912 4403 quem
952 4318 1300 4404 epistolam
1346 4315 1817 4402 ’scripsitrau-

1930 770 2150 835 gures.
2221 748 2483 814 Deinde
2531 750 2724 813 etiam
2775 748 3028 815 denarii
3072 753 3214 834 ejus
3260 750 3439 817 obvii

1928 852 2261 936 inscripti:
2322 850 2654 919 AVGVR.
2709 851 2976 918 PONT.
3041 853 3267 921 MAx.
3307 855 3440 918 Au·

1935 968 2231 1037 guratum
2286 954 2484 1018 etiam
2525 952 2760 1038 probat
2815 953 3049 1031 lituus,
3117 953 3230 1041 qui
3279 977 3441 1019 non·

1931 1078 2260 1141 nunquam
2318 1056 2460 1140 ejus
2532 1055 2727 1140 capiti
2800 1055 3205 1133 adstituitur,
3282 1058 3444 1142 quin

1935 1171 2005 1222 et
2056 1159 2126 1221 in
2183 1158 2697 1222 consecrationis
2766 1158 2979 1220 numis
3048 1158 3442 1242 proponitur

1931 1262 2075 1346 ipse
2134 1261 2391 1325 velatus
2421 1260 2655 1323 lituum
2700 1258 2971 1323 dextera
3000 1273 3266 1339 tenens,
3311 1282 3442 1348 quo
3489 1298 3502 1307 =

1933 1364 2131 1428 modo
2178 1365 2270 1424 Μ.
2316 1361 2638 1426 Antonius
2691 1382 2954 1449 quoque
3011 1360 3083 1425 in
3150 1361 3437 1428 denariis

1935 1465 2346 1551 proponitur.

2298 1649 2635 1711 Par-ens
2681 1649 3066 1713 Patriae.
3136 1731 3147 1738 -

2060 1765 2519 1833 Honorificum
2559 1766 2734 1830 hunc
2766 1767 3070 1846 titulum,
3113 1765 3206 1833 de
3256 1770 3442 1854 cujus

1936 1869 2410 1957 significatione
2482 1866 2639 1931 olim
2709 1890 2978 1952 agemus
3043 1871 3112 1932 in
3166 1883 3444 1937 tractatu

1929 1972 2287 2056 peculiari,
2341 1974 2390 2035 1.
2441 1971 2681 2034 Caesar
2740 1972 2864 2034 sibi
2927 1972 3217 2037 delatum
3273 1972 3437 2039 vidit

1931 2087 2084 2159 post
2163 2070 2538 2153 victoriam,
2585 2072 3092 2157 Hispaniensem
3161 2075 3444 2140 testibus

1932 2176 2152 2238 Dione
2185 2177 2244 2258 ο)
2265 2220 2283 2252 ,
2317 2174 2617 2259 Appiano
2654 2172 2743 2255 d),
2780 2176 3100 2241 Suetonio
3132 2180 3215 2262 e).
3272 2179 3443 2243 Con-

1929 2278 2217 2341 tinuatus
2249 2278 2444 2341 etiam
2481 2276 2538 2339 is
2580 2276 2703 2339 suit
2734 2291 2884 2361 post
2928 2293 3254 2361 mortem3
3291 2301 3440 2343 nam

1929 2379 2269 2444 referente
2322 2379 2638 2443 Suetonio
2685 2374 2752 2462 Γ).
2800 2402 2876 2442 eo
2929 2402 3121 2444 caeso
3147 2382 3440 2465 populus

1925 2484 2212 2546 solidam
2247 2483 2623 2544 columnam
2647 2501 2852 2564 prope
2877 2482 3043 2546 XX.
3067 2486 3312 2565 pedum
3342 2483 3456 2545 Ia-

1915 2586 2102 2669 pidis
2134 2581 2479 2647 Numidici
2523 2586 2598 2645 in
2619 2583 2783 2665 foro
2819 2587 3100 2661 statuit,
3143 2586 3444 2664 scripsit-

1926 2705 2089 2765 que:
2122 2682 2566 2747 PARENTI.
2602 2686 2739 2747 PA
2747 2686 2805 2747 T
2797 2686 3062 2748 RIAE.
3098 2684 3285 2749 Idem
3316 2683 3482 2748 fac-0

1929 2798 2067 2849 tum
2105 2800 2327 2850 narrat
2370 2785 2645 2864 Cicero,
2685 2785 2806 2849 sed
2842 2806 3097 2851 eausam
3139 2786 3208 2848 in
3240 2785 3452 2851 Anto-

1929 2889 2110 2951 nium
2168 2885 2483 2950 transfert
2514 2896 2573 2969 g)
2591 2907 2634 2949 ι·
2693 2888 2932 2970 Auget
2974 2900 3134 2952 tuus
3179 2889 3440 2952 amicus

1929 2988 2314 3074 (Antonius)
2356 2993 2671 3074 furorem
2717 2990 2971 3066 indies;
3042 2992 3332 3069 primum
3363 2994 3442 3052 ia

1927 3104 2199 3169 statua,
2233 3110 2432 3171 quam
2461 3091 2699 3169 posuit
2726 3091 2799 3150 in
2846 3092 3462 3172 manninas-rip*

1928 3195 2057 3255 sic:
2104 3188 2553 3254 PARENTJ.
2604 3190 2991 3253 OPTIME.
3036 3190 3458 3254 MERITO..

1930 3292 2153 3388 Quare
2178 3305 2255 3356 et‘
2280 3292 2422 3376 ejus
2458 3293 2884 3381 percussores
2905 3293 3295 3375 parricidae
3314 3310 3440 3375 per

1928 3395 2235 3463 invidiam
2285 3394 2524 3481 passim
2579 3393 2737 3457 dicti
2788 3406 2938 3457 sunt
2977 3393 3084 3475 l¹),
3145 3406 3213 3457 et
3259 3393 3460 3479 ipsae

1930 3498 2076 3562 idus
2109 3498 2420 3577 Martiae,
2467 3494 2963 3582 quibuscaesus
3004 3507 3134 3572 est,
3160 3498 3458 3579 parrici-

1935 3604 2122 3665 dium
2168 3599 2241 3681 i).
2322 3596 2676 3664 Confirmat
2716 3597 2893 3663 hunc
2936 3596 3196 3660 titulum
3247 3594 3456 3660 dena«

1935 3703 2073 3767 rius
2100 3701 2251 3768 anni
2278 3702 2370 3771 V.
2400 3704 2472 3770 C.
2504 3723 2631 3785 7.1o
2671 3714 2867 3787 supra
2898 3698 3289 3784 descriptus.

2237 3887 2606 3953 Attributa
2639 3886 2790 3952 Iul..
2827 3884 3157 3950 Caesaris.

2059 4009 2349 4073 Laurea.
2398 3988 2540 4072 Hac
2569 4004 2715 4071 fere
2758 4015 3134 4069 constanter
3168 4002 3307 4085 ejus
3341 4022 3444 4064 ca·

1931 4110 2067 4195 pud
2103 4110 2472 4175 redimitur.
2536 4106 2693 4171 Fuit
2721 4105 2918 4172 etiam
2952 4104 3061 4167 hie
3100 4103 3311 4167 honos
3341 4104 3439 4164 in-

1933 4226 2041 4278 ter
2083 4213 2249 4277 alios
2284 4214 2352 4276 in
2396 4212 2717 4277 victorem
2765 4210 3111 4272 Caesarem
3147 4204 3434 4288 prodige

1931 4315 2227 4383 collatos.
2310 4317 2408 4379 Et
2443 4333 2608 4381 vero
2655 4322 2823 4377 teste
2866 4306 3187 4372 Suetonio
3238 4303 3306 4390 ¹¹)
3352 4324 3442 4369 ex

391 4657 453 4728 ι)
488 4656 763 4715 L.xl.11.
794 4655 848 4728 §-
868 4666 956 4719 51.

320 4742 489 4892 1¹:⁸0„-
530 4765 585 4804 e.
618 4749 743 4810 106.

926 4748 990 4820 0)
1030 4746 1179 4824 Cap.
1206 4748 1298 4810 762

623 4835 674 4909 i)
713 4835 879 4895 Suet.
908 4854 959 4901 c.
987 4846 1075 4902 88.
1258 4837 1335 4909 k>
1371 4833 1518 4913 Cap.
1549 4844 1659 4898 45..

448 4927 558 5007 (V
548 4926 640 4991 01.
670 4926 827 5010 VI.)

1140 4654 1215 4729 b)
1252 4653 1353 4713 Ad
1377 4653 1580 4715 Famil.
1606 4654 1674 4725 L.
1699 4652 1858 4713 x111.
1886 4672 1981 4731 ep.
2007 4655 2097 4718 68.

1479 4747 1537 4818 s)
1579 4745 1730 4823 Cap.
1755 4754 1869 4810 85..

2281 4656 2346 4724 c)
2386 4650 2452 4707 L.
2481 4648 2688 4710 XLIV.
2717 4652 2769 4725 §.
2794 4656 2848 4712 4.

2032 4746 2100 4819 g)
2140 4741 2220 4801 sd
2247 4738 2451 4800 Fama.
2479 4740 2549 4799 L.
2574 4739 2837 4816 Xllcep.
2871 4753 2926 4805 3.
2963 4750 2970 4755 '

3037 4645 3106 4721 d)
3147 4641 3293 4703 Bell.
3324 4642 3439 4702 civ.

3109 4736 3180 4812 h)
3223 4737 3438 4796 Cicero

2894 4925 2946 4986 C
