4509 5584
1112 516 1303 610 taso.

1108 713 1345 757 numus
1418 709 1732 776 praesens
1762 688 1875 778 gin
1947 687 2272 753 honorem
2345 691 2610 776 Trajani

1105 793 1632 881 proficiscentis,
1709 805 1779 857 et
1836 791 1968 876 jam
2032 789 2346 854 OPTIm
2416 792 2608 857 titulo

1105 896 1421 962 decorati.
1499 894 1746 960 Norisii
1790 892 2004 957 tenuis
2049 891 2429 974 conjectura
2473 907 2609 973 est,

1106 1000 1394 1084 Trojano
1456 1000 1587 1064 hoc
1646 997 1961 1062 OPTIMI
2021 993 2223 1061 decus
2277 1018 2320 1059 a
2378 1009 2609 1061 senatu

1100 1099 1447 1167 decretum
1485 1100 1688 1165 fuisse
1722 1098 1997 1163 ‚labente
2040 1097 2170 1162 hoe
2216 1118 2387 1162 anno
2419 1096 2608 1162 inter

1099 1203 1397 1268 solennia
1436 1204 1578 1287 ejus
1614 1200 1843 1265 natalis
1880 1200 2056 1266 XIV.
2092 1198 2235 1266 Bal.
2270 1199 2510 1266 Octob.
2543 1201 2603 1284 ⁸)

978 1352 989 1356 -
1097 1317 1294 1392 atque
1331 1304 1501 1370 adeo
1537 1304 1698 1368 mihi
1735 1303 1966 1368 saltem
2006 1302 2082 1365 in
2122 1316 2425 1387 tempore
2468 1303 2608 1367 col·

1094 1408 1211 1470 lati
1247 1407 1389 1491 ejus
1420 1406 1594 1471 tituli
1623 1406 1802 1472 belle
1834 1426 1984 1470 cum
2016 1426 2271 1469 summo
2306 1406 2431 1469 hoc
2455 1403 2601 1470 viro

1095 1508 1429 1575 convenit.

1186 1612 1402 1675 -Haec
1443 1606 1771 1692 copiosius
1808 1629 1848 1670 a
1879 1628 1987 1671 me
2043 1619 2192 1670 sunt
2244 1606 2597 1692 disputata,

1091 1714 1404 1799 quoniam
1441 1712 1714 1775 multum
1755 1708 2049 1775 serviunt
2093 1730 2226 1771 non
2271 1710 2469 1773 modo
2516 1709 2600 1773 ad

1093 1814 1519 1892 collocandos
1580 1813 1707 1874 rite
1767 1832 2041 1889 numos,
2109 1833 2340 1878 verum
2399 1812 2598 1875 etiam

1095 1916 1532 2000 corrigendos
1586 1911 1944 1997 scriptores
2005 1926 2304 1992 veteres,
2362 1910 2600 1979 noros·

1089 2037 1255 2102 que,
1300 2030 1368 2080 et
1396 2017 1827 2107 impostorum
1861 2012 2129 2079 fraudes
2167 2014 2594 2100 detegendas.

1086 2117 1463 2203 xiphilinus
1511 2139 1593 2182 ex
1643 2119 1859 2184 Dione
1912 2114 1978 2202 ι’)
2029 2130 2098 2181 et
2141 2118 2429 2181 Zonaras
2479 2139 2596 2181 no-

1086 2241 1243 2284 men
1278 2221 1591 2286 OPTIMI
1628 2220 1912 2302 Traiano
1953 2217 2296 2282 decretum
2329 2219 2592 2282 nonnisi

1081 2335 1234 2407 post
1291 2335 1544 2405 captam
1602 2321 2014 2399 Armeniam,
2099 2333 2170 2384 et
2220 2323 2591 2404 Mesopota·

1082 2423 1282 2487 miam
1324 2422 1668 2500 adserunt,
1735 2443 1900 2506 quae
1947 2443 2116 2487 anno
2159 2421 2445 2507 primum
2489 2440 2591 2485 se-

1084 2538 1328 2612 quente
1350 2571 1368 2604 ,
1446 2544 1658 2609 eoque
1722 2522 1873 2587 satis
1928 2524 2157 2589 adulto
2214 2524 2589 2609 contigere.

1083 2629 1174 2691 At
1208 2646 1533 2705 marmor,
1592 2625 1768 2710 qnod
1807 2639 1963 2710 post
2004 2626 2165 2690 alios
2198 2625 2436 2690 recitat
2469 2627 2592 2689 Fa-

1079 2730 1335 2794 brettus
1388 2730 1482 2813 0),
1558 2727 1839 2812 positum
1902 2728 2219 2796 IDIBVS.
2281 2729 2590 2796 {ANVA-

1076 2832 1241 2898 1118.
1287 2832 1369 2898 L.
1414 2828 1884 2899 VIPSTANO.
1944 2830 2441 2895 MESSALLA.
2494 2831 2586 2895 M.

1079 2933 1477 2999 PEDONE.
1524 2931 1810 3010 0088„
1868 2930 1981 3018 qui
2034 2932 2226 2996 fuere
2278 2931 2586 2995 consules

1077 3036 1233 3100 anni
1283 3033 1655 3121 sequentis,
1712 3046 1781 3098 et
1821 3034 1889 3096 in
1933 3054 2064 3120 quo
2110 3033 2429 3116 Traianus
2487 3032 2585 3094 di-

1077 3138 1252 3203 citur
1303 3136 1720 3204 OPTIMVS.
1764 3135 1972 3203 AVG.
1995 3181 2014 3212 ,
2066 3135 2416 3199 {ueniente
2471 3133 2585 3197 do·

1075 3253 1220 3319 cet,
1273 3260 1425 3304 enm
1468 3239 1598 3322 jam
1634 3236 1853 3304 medio
1889 3236 2189 3301 Ianuario
2225 3238 2310 3305 V.
2344 3238 2415 3302 C.
2456 3236 2584 3301 868

1080 3341 1335 3428 Optimi
1393 3359 1763 3427 cognomen
1821 3339 2071 3403 tulisse.
2161 3336 2342 3432 Quid
2406 3337 2586 3422 quod

1078 3446 1398 3528 Trajanus
1442 3443 1571 3526 jam
1621 3443 1874 3507 dicatur
1907 3441 2303 3509 OPTIMVS
2351 3440 2418 3502 in
2467 3462 2586 3502 nn·

1073 3548 1200 3610 mis
1234 3545 1596 3630 inscriptis:
1647 3544 2198 3609 IMPERATOR.
2230 3543 2374 3612 Vn.
2406 3541 2578 3610 V111.

1072 3648 1319 3723 Vim„
1374 3667 1539 3732 quos
1578 3646 1805 3709 titulos
1848 3665 1933 3708 ex
1971 3643 2274 3728 victoriis
2297 3643 2581 3727 primum

1071 3748 1525 3827 Armeniacis,
1565 3747 2017 3832 Parthicisque
2060 3757 2288 3811 nactus
2337 3758 2466 3823 est,
2512 3759 2581 3809 et

1071 3866 1418 3939 antequam
1449 3851 1866 3914 RARTmcl
1896 3848 2153 3913 titulum
2186 3846 2580 3933 adipiscere-

2354 519 2996 596 TRAIANVS.

2724 710 2959 755 nnmos
2988 689 3141 754 anni
3167 691 3252 760 V.
3272 692 3347 759 C.
3369 689 3496 758 863
3527 710 3612 758 ex
3639 693 3907 780 tripede
3935 715 4224 784 pronun·

2727 794 2987 859 ciantis=
3044 795 3394 858 OPTIMI
3415 814 3776 880 cognomen
3802 801 3939 863 siba·
3968 820 4013 862 a
4038 821 4224 864 sona-

2723 907 2803 958 εει
2850 897 3184 959 decretum
3223 898 3352 961 Ιιοσ
3398 919 3574 961 anno
3625 898 3685 961 T
3671 898 3951 979 rosanus
3987 904 4227 965 admit·

2723 999 2849 1075 tit,
2900 1009 2970 1061 et
3018 996 3198 1084 quod
3243 998 3523 1084 amplius
3563 986 3847 1080 mirere,
3892 1001 4026 1086 jam
4065 1000 4216 1067 inde

2720 1095 2803 1161 ab
2846 1119 3015 1164 anno
3048 1101 3130 1168 V.
3160 1100 3234 1168 C.
3273 1101 3400 1168 858
3441 1101 3624 1169 velut
3666 1102 3770 1168 sui
3817 1103 4063 1168 oblitus
4108 1125 4221 1167 nu-

2719 1220 2863 1263 mos
2901 1201 3057 1266 citat
3089 1201 3344 1287 Optimi
3381 1202 3575 1267 titulo
3624 1203 3693 1265 in
3737 1207 3951 1280 antica
3993 1206 4219 1270 inscri-

2718 1315 2891 1385 ptos.
2981 1305 3199 1391 Atque
3267 1306 3396 1370 hoc
3457 1304 3671 1391 ipsum
3735 1307 4027 1372 Occonis
4089 1306 4220 1371 edi·

2717 1418 2898 1469 ctum
2945 1406 3317 1491 respexerit
3353 1408 3781 1489 Vaillantius‚
3839 1407 4104 1495 qnando
4149 1410 4214 1471 in

2718 1505 2854 1568 suis
2905 1508 3121 1570 numis
3169 1521 3410 1593 praest.
3460 1512 3671 1595 lmpp.
3718 1513 3891 1575 Tom
3935 1515 4016 1574 11.
4069 1533 4214 1597 pag.

2717 1625 2834 1667 παι
2885 1607 3049 1676 edit.
3090 1611 3286 1679 Rom.
3333 1625 3589 1677 temere
3630 1611 3915 1690 adserit,
3965 1613 4098 1699 jam
4148 1615 4213 1676 in

2717 1710 3061 1780 consulatu
3115 1713 3200 1781 V.
3253 1712 3507 1797 Optimi
3558 1735 3934 1799 cognomen
3980 1736 4204 1780 occur-

2712 1830 2892 1878 rere.
2962 1811 3200 1877 Refert
3242 1815 3640 1879 Muratorius
3679 1816 4209 1902 inscriptionem,

2713 1911 2781 1975 in
2829 1935 2956 2000 qna
2994 1916 3311 2000 Traianus
3368 1915 3609 1980 dicitur
3649 1920 3791 1992 ΤΒ.
3824 1921 3903 1985 Ρ.
3939 1920 4210 1997 XVIII..

2709 2027 2783 2078 et
2840 2017 3276 2101 compellatur
3341 2019 3814 2099 Germanicus,
3879 2023 4208 2099 Dacicus,

2711 2118 3076 2182 Parthicus
3105 2118 3193 2201 d).
3248 2122 3346 2184 Ea
3389 2121 3536 2185 viro
3572 2121 3847 2186 erudito
3892 2123 4083 2186 aliam
4126 2122 4206 2186 oh

2706 2237 2968 2281 causam
3019 2219 3387 2286 adulterina
3436 2222 3720 2293 videtur.
3785 2223 4059 2287 Addere
4095 2245 4207 2309 po·

2704 2317 2828 2381 tuit
2877 2333 2956 2384 et
3009 2320 3219 2401 hanc,
3288 2324 3465 2411 quod
3507 2326 3578 2387 in
3623 2346 3702 2389 ea
3748 2326 4002 2411 Optimi
4056 2347 4208 2412 cog·

2702 2440 2950 2484 nomen
2990 2424 3349 2505 omittitur,
3401 2425 3582 2511 quod
3621 2427 3691 2489 in
3736 2428 4040 2512 genuinis
4071 2450 4203 2492 mo·

2702 2524 3035 2587 numentis
3071 2546 3222 2589 cum
3261 2527 3382 2592 hac
3421 2527 3576 2596 trib.
3607 2543 3937 2614 potestate
3976 2529 4199 2595 abesse

2701 2644 2841 2687 non
2871 2625 3075 2705 solet,
3117 2641 3186 2692 et
3224 2628 3463 2693 dicitur
3496 2633 3892 2709 Parthicus,
3927 2652 4059 2717 quo
4092 2653 4202 2695 no-

2704 2724 2881 2791 mine
2939 2728 3255 2813 Traianus
3322 2731 3583 2794 nonnisi
3638 2732 3709 2795 in
3767 2733 4198 2818 monumentis

2701 2827 2858 2895 trib.
2905 2832 3245 2914 potestatis
3287 2834 3462 2900 XIX.
3510 2846 3580 2898 et
3619 2835 3768 2901 XX.
3823 2835 4193 2902 decoratur.

2700 2930 2807 2991 En
2849 2930 2974 2995 tibi
3019 2948 3208 3000 netas
3250 2935 3397 3000 illas
3430 2949 3677 3020 syrtes,
3732 2937 3803 3000 in
3840 2937 4074 3022 quibus
4107 2937 4194 2999 in·

2701 3033 3026 3114 consulti,
3074 3051 3143 3101 et
3183 3037 3437 3103 viarum
3473 3037 3677 3101 rudes
3714 3038 3965 3103 falsarii
4000 3039 4192 3122 vulgo

2700 3133 3099 3215 adhaerent,
3160 3160 3287 3204 nec
3339 3140 3466 3204 alia
3520 3139 3728 3223 magis
3769 3141 4026 3206 ratione
4068 3162 4189 3204 ms-

2699 3235 2765 3299 la
2810 3234 3243 3321 impostorum
3281 3239 3447 3307 tides
3489 3241 3560 3304 in
3597 3241 3900 3327 apricum
3939 3242 4188 3329 profer·

2698 3348 2828 3402 tur.

2784 3437 2974 3533 Quae
3009 3441 3135 3506 alia
3172 3441 3254 3508 ad
3288 3439 3633 3510 decretum
3665 3445 3842 3512 hunc
3881 3445 4178 3512 oPrm

2695 3540 2957 3605 titulum
3003 3543 3377 3627 pertinent,
3438 3547 3612 3612 infra
3666 3548 3738 3611 in
3778 3549 4004 3613 titulis.
4032 3551 4176 3611 Tra·

2691 3642 2828 3725 jani
2863 3648 3425 3713 commemorabo.
3488 3649 3641 3713 Hoc
3687 3653 3840 3715 loco
3890 3651 4170 3737 proposi·

2694 3759 2836 3809 tum
2871 3761 3116 3812 tantum
3156 3749 3281 3813 fuit
3313 3750 3381 3813 in
3422 3772 3698 3817 examen
3729 3772 4006 3829 vocare,
4046 3768 4164 3836 quo

2694 3870 2866 3914 anno
2894 3852 2950 3914 is
2981 3851 3052 3913 in
3081 3867 3301 3937 partes
3327 3855 3575 3920 anticas
3605 3851 4011 3941 cognominis
4035 3852 4162 3920 vice

1067 3969 1216 4033 tur,
1278 3953 1393 4040 qui
1447 3974 1530 4017 ex
1584 3953 1886 4018 omnibns
1935 3951 2037 4015 his
2100 3950 2314 4014 nnmis
2366 3949 2577 4015 adhuc
2688 3950 3106 4034 involans-it.

1027 4058 1279 4124 eabest.
1341 4055 1529 4141 Ergo
1578 4057 1634 4121 is
1685 4054 1937 4141 Optimi
1990 4054 2254 4118 titulum
2303 4052 2435 4137 jam
2476 4073 2577 4117 se-

1069 4182 1220 4226 cum
1277 4160 1348 4222 in
1400 4158 1748 4226 Orientem
1802 4157 1972 4224 tulit.
2028 4158 2151 4220 ·At
2195 4156 2404 4219 multo
2461 4155 2576 4218 mi·

1064 4287 1189 4329 nus
1220 4261 1574 4328 ferendum
1605 4275 1708 4326 est
1744 4262 2192 4325 recentiorum
2227 4272 2571 4345 peccatum

1063 4363 1135 4428 in
1172 4366 1312 4451 ejus
1350 4365 1630 4428 nominis
1675 4362 1973 4448 prolepsi
2015 4361 2393 4426 admissum.
2448 4361 2571 4423 Mi-

1065 4490 1141 4532 ra
1193 4487 1348 4533 sane
1401 4465 1844 4532 est-Oeconis
1898 4464 2294 4529 confidentia
2348 4462 2438 4528 ita
2486 4461 2569 4525 ad

1134 4697 1197 4766 a)
1232 4692 1460 4769 Epoch.
1497 4693 1727 4766 Syrom.
1766 4710 1905 4768 pag.
1935 4701 2065 4756 247.

1067 4786 1138 4859 d)
1176 4804 1310 4863 pag.
1345 4793 1500 4846 1075.
1541 4793 1594 4843 2.

2289 4651 2360 4761 Β)
2393 4688 2457 4747 L.
2487 4667 2750 4757 LXv‘m.
2787 4692 2952 4766 535.

2878 4205 3826 4275 ANIMADVERSIO
3911 4210 4004 4276 ῙῙ.

2688 4381 2823 4441 qua
2868 4364 3195 4443 probatur
3246 4363 3305 4430 1.
3325 4408 3344 4439 ,
3411 4363 3763 4445 Trajanum
3808 4366 4049 4430 bellum
4094 4327 4156 4425 in

2688 4463 2977 4528 Parthos
3001 4484 3134 4528 non
3163 4467 3446 4531 movisse
3459 4467 3606 4547 jam
3627 4487 3801 4532 anno
3830 4471 3913 4533 V.
3938 4467 4005 4532 G.
4025 4466 4154 4546 859,

3176 4692 3238 4765 c)
3270 4690 3345 4751 de
3380 4693 3654 4768 Column.
3689 4695 3847 4768 Trai.
3879 4713 4010 4773 pag.
4035 4703 4151 4768 293.
