4509 5584
1164 583 1307 662 598

1167 740 1261 805 sic
1328 757 1544 823 neque
1614 734 1925 819 deinceps
1979 731 2254 816 amplius
2316 731 2654 799 omittitur.

1167 844 1318 907 Hoc
1375 839 1578 924 igitur
1631 836 1913 902 admisso
1964 835 2109 902 rite,
2139 834 2459 897 stabilitur
2501 835 2657 919 ipsis

1173 942 1365 1007 etiam
1409 940 1620 1003 munis
1678 939 2083 1002 eruditorum
2134 936 2484 1021 judicium,
2544 937 2658 1019 qui

1169 1062 1341 1108 anno
1393 1043 1477 1109 V.
1530 1041 1603 1107 C.
1658 1038 1782 1104 336
1835 1054 2140 1122 coeptum
2196 1060 2233 1101 a
2282 1037 2655 1100 Domitiano

1166 1166 1315 1210 cnm
1361 1144 1560 1208 Cattis
1602 1140 1887 1219 bellum,
1950 1140 2241 1225 illudque
2299 1138 2427 1202 hoc
2486 1159 2655 1201 anno

1172 1259 1493 1322 exeunte,
1531 1257 1639 1308 aut
1669 1244 1935 1306 ineunte
1975 1242 2186 1327 altero
2224 1241 2656 1323 compositum

1166 1348 1565 1432 judicavere.
1630 1347 1830 1423 Item,
1888 1344 1945 1408 si
1988 1344 2151 1407 dixit
2197 1343 2512 1405 Martialis
2567 1341 2654 1403 de

1170 1449 1544 1514 Domitiano
1576 1456 1665 1521 ·);

1248 1548 1567 1615 Nobilius
1597 1550 1903 1632 (nomen)
1933 1549 2183 1611 domito
2215 1547 2455 1609 tribuit
2494 1541 2656 1608 Ger-

1954 1652 2183 1710 mania
2226 1653 2500 1728 Rheno,

1396 1780 1405 1787 ·
1494 1752 1588 1815 Ec
1607 1773 1775 1836 puer
1799 1752 1927 1813 hoc
1947 1752 2192 1832 dignus
2215 1754 2478 1815 nantino
2501 1753 2658 1815 Cae·

1942 1850 2069 1911 ’.εον
2108 1873 2286 1914 eras.

1167 1977 1301 2020 non
1352 1954 1560 2019 voluit
1608 1951 1928 2036 intelligi,
1975 1952 2455 2029 Domitianum,
2491 1972 2657 2041 'cnm

1164 2078 1334 2142 puer
1378 2050 1591 2120 adhuc
1633 2069 1846 2132 esset,
1888 2055 2016 2137 jam
2052 2054 2426 2117 Germanici
2469 2054 2657 2117 titulo

1164 2159 1370 2241 fuisse
1433 2157 1850 2232 decoratum,
1922 2153 2041 2218 sed
2096 2156 2416 2219 adulantis
2469 2176 2656 2219 more

1169 2260 1328 2324 dicit
1380 2272 1664 2336 tantum,
1734 2279 1886 2321 eum
1941 2257 2070 2320 hoc
2125 2257 2392 2320 nomine
2455 2255 2658 2321 fuisse

1168 2362 1459 2446 dignum,
1489 2361 1793 2422 nimirum
1823 2380 2012 2422 causa
2045 2359 2477 2441 expeditionis
2495 2359 2663 2421 Ger-

1167 2464 1458 2529 manicae
1503 2461 1684 2525 socio
1726 2459 2029 2524 Muciano
2051 2505 2075 2536 ,
2127 2459 2208 2521 de
2265 2481 2389 2545 qua
2446 2474 2659 2525 actum

1173 2585 1393 2648 supra.

1761 2748 2094 2819 Dacicus-¹!

1254 2868 1366 2930 Sic
1393 2867 1637 2930 dictum
1675 2865 1875 2930 fnisse
1914 2865 2355 2928 Domitianum
2389 2886 2476 2930 ex
2505 2885 2661 2950 poe·

1164 2984 1376 3032 tarum
1434 2968 1827 3033 testimoniis
1875 2982 2175 3032 tenemus
2195 3012 2213 3043 ‚
2288 2988 2453 3052 quae
2508 2989 2662 3032 con-

1175 3071 1374 3156 gessit
1407 3068 1695 3133 Liebeus
1726 3068 1825 3150 b)‚
1860 3069 1977 3132 sed
2011 3054 2411 3133 anctoritatis
2447 3069 2660 3154 publi-

1171 3192 1284 3236 cae
1321 3185 1738 3242 monumenta
1772 3192 1857 3235 eo
1887 3169 2233 3235 abstinent.

1657 3356 1699 3418 1
1710 3377 1772 3418 m
1785 3378 1834 3438 p
1849 3378 1885 3417 e
1901 3377 1936 3416 r
1952 3378 1995 3417 a
2010 3368 2039 3418 t
2058 3378 2095 3417 o
2117 3379 2170 3420 r.

1252 3477 1401 3539 Non
1477 3476 1590 3538 din
1663 3474 1985 3538 lectorem
2053 3476 2122 3537 in
2195 3476 2323 3539 hoc
2384 3476 2660 3541 articulo

2314 557 3086 637 DOMITIANVS.

2776 731 3126 810 morabor,
3207 752 3356 798 cum
3414 732 3541 797 soli
3598 734 3780 797 numi
3836 735 4023 820 hujus
4078 736 4224 800 tituli

2774 854 3090 897 numeros
3134 835 3287 898 satis
3335 835 3680 903 commode
3731 836 3967 922 figant,
4029 851 4091 900 et
4138 838 4224 901 vix

2775 935 3020 1019 aliquid
3103 935 3446 1000 conferant
3531 960 3887 1015 marmora,
4002 940 4221 1023 aliaque

2773 1052 3210 1103 monumenta.
3270 1041 3371 1101 Ex
3413 1040 3515 1102 his
3557 1040 3760 1125 igitur
3802 1055 4076 1118 constat,
4113 1044 4224 1105 Do-

2773 1138 3107 1201 mitianum
3157 1141 3359 1204 vicies
3412 1155 3480 1204 et
3525 1143 3627 1205 bis
3682 1142 3928 1207 dictum
3982 1144 4225 1226 impera·

2771 1252 3007 1305 torem.
3094 1242 3182 1303 At
3243 1242 3689 1308 liberaliorem
3751 1245 4060 1328 experior
4111 1247 4225 1306 Mo·

2769 1342 3069 1420 rellium,
3148 1342 3260 1426 qui
3323 1364 3600 1408 aeneum
3655 1349 3736 1413 11.
3795 1348 4045 1409 formae
4104 1364 4224 1427 pro-

2769 1443 2958 1525 ponit
3025 1444 3445 1528 inseriptum:
3525 1449 3700 1512 IMP.
3769 1449 4004 1512 XXIII.
4068 1446 4223 1514 COS.

2770 1540 2978 1608 xvn.
3015 1544 3262 1610 GENS.
3297 1548 3372 1608 P.
3410 1548 3486 1611 P.
3525 1549 3601 1611 P.
3635 1549 3716 1626 c).
3775 1550 4036 1613 Licebit
4079 1562 4223 1611 tanto

2771 1644 2977 1728 magis
3032 1645 3276 1710 indicio
3336 1648 3491 1711 huic
3548 1647 3903 1726 diffidere,
3978 1650 4116 1734 qnia
4161 1647 4226 1711 ad

2771 1764 2956 1806 numi
2987 1743 3339 1830 imaginem
3368 1771 3500 1812 non
3529 1764 3739 1831 exstat
3769 1766 3927 1815 nota
3959 1752 4092 1833 ejus
4119 1771 4226 1811 mn·

2775 1844 2911 1922 sei,
2976 1848 3153 1932 quod
3211 1863 3341 1912 tam
3399 1871 3618 1913 rarum
3676 1851 4012 1915 cimelium
4064 1850 4228 1915 conti·

2773 1959 2988 2013 neret.
3072 1948 3290 2039 Quare
3361 1953 3751 2036 permissum
3818 1952 4014 2015 nobis
4086 1964 4227 2034 puta·

2773 2068 2952 2125 mus,
2992 2062 3099 2111 aut
3132 2050 3440 2129 lectoris,
3485 2067 3593 2118 aut
3620 2053 4112 2138 chalcographi‚
4150 2063 4230 2113 ⁸¹¹⁸

2773 2150 3120 2211 monetarii
3162 2150 3364 2236 ipsius
3409 2156 3637 2219 vitium
3686 2155 4030 2239 suspicari.
4113 2153 4229 2246 Quo

2773 2261 3074 2334 tempore
3123 2252 3296 2318 hunc
3344 2256 3601 2318 titulum
3647 2257 4028 2333 iteraverit,
4076 2276 4228 2337 supra

2773 2376 2898 2441 per
2930 2357 3223 2442 singulos
3261 2379 3463 2420 annos
3502 2357 3905 2443 adscriptum
3954 2359 4228 2441 reperies.

2776 2459 2865 2520 At
2906 2459 2974 2521 in
3018 2458 3292 2542 singulis
3336 2459 3636 2543 reperire
3682 2481 3947 2526 causam
3988 2459 4228 2523 iteratio-

2775 2559 2876 2620 nis
2913 2559 3275 2623 tacentibus
3315 2562 3644 2626 historicis
3685 2565 3796 2627 vel
3839 2561 4102 2645 Oedipo
4141 2577 4228 2620 ne·

2777 2660 3024 2745 gotium
3072 2661 3367 2728 facessat.
3443 2666 3605 2727 Eam
3660 2677 3848 2726 certe
3905 2684 4039 2727 non
4092 2658 4230 2723 unffi-

2776 2761 2955 2824 cinnt
2991 2762 3214 2826 hostes
3249 2765 3406 2830 victi
3442 2786 3524 2829 eo
3553 2785 3871 2843 numero,
3925 2776 4108 2851 quem
4143 2760 4226 2824 hic

2773 2862 3000 2926 titulus
3047 2863 3264 2933 offert.
3326 2865 3675 2936 veriorem
3721 2866 3790 2927 in
3841 2867 3987 2950 ejus
4029 2861 4228 2948 cupidi-

2775 2983 2908 3034 tate
2959 2972 3260 3055 reperim
3318 2989 3464 3031 nam
3521 2968 3812 3031 oblatum
3861 2968 4063 3030 fnisse
4104 2966 4229 3026 Cac-

2776 3072 3026 3136 saribns
3071 3094 3296 3136 aurum
3318 3117 3336 3149 ‚
3393 3071 3915 3155 quotiescunque
3967 3069 4097 3154 quis
4137 3067 4230 3126 im·

2775 3189 3043 3258 perator
3079 3197 3163 3239 ex
3196 3173 3489 3240 victoriis
3528 3173 3905 3249 diceretur,
3960 3172 4090 3255 ipse
4126 3167 4232 3228 Au·

2778 3290 3003 3357 gustus
3059 3256 3406 3360 profitetur
3467 3275 3537 3335 in
3594 3293 3929 3336 marmore
3991 3276 4232 3351 Ancyra·

2774 3396 2863 3437 no
2912 3376 3000 3456 d).
3072 3377 3435 3441 Nonnullas
3484 3375 3567 3439 de
3615 3374 3917 3437 barbaris
3972 3369 4231 3439 victorias

2776 3475 3101 3540 Eusebius
3129 3476 3195 3539 in
3222 3476 3552 3540 Chronico
3582 3477 3782 3541 certis
3814 3477 4000 3542 annis
4024 3471 4229 3539 adfixit.

2444 3789 3020 3859 PRETIVMs

1497 3965 1705 4031 Aurei

1497 4073 1793 4143 Aureum
1845 4069 2160 4135 maximae
2215 4072 2468 4139 formae
2526 4093 2607 4135 ex
2654 4094 2881 4140 museo
2917 4075 3095 4162 regis
3146 4074 3502 4140 Galliarum

1650 4169 1893 4234 indicat
1930 4172 2014 4234 cl.
2043 4175 2380 4239 Beanvais.

1493 4273 1815 4358 Argentei
1923 4306 1950 4321 -
2120 4310 2146 4323 -
2315 4310 2341 4325 -
2508 4311 2536 4326 -

1489 4375 1889 4440 Aenei1.·11.
1918 4378 2030 4441 111.
2069 4374 2321 4441 formae

1246 4700 1305 4770 a)
1344 4698 1411 4753 1..
1453 4697 1527 4754 11.
1563 4693 1749 4770 epigr.
1777 4708 1832 4755 2.

1163 4806 1217 4844 v·
1250 4789 1338 4848 26.

2037 4697 2105 4766 b>
2151 4698 2331 4756 Goth.
2364 4718 2520 4755 num.
2553 4718 2687 4775 pag.
2719 4712 2845 4762 252.

2893 4311 2921 4331 ρ
3089 4312 3115 4327 ο
3278 4314 3306 4329 ο

3667 4280 3744 4443 ,00

3051 4704 3112 4773 c)
3154 4701 3301 4759 Tab.
3339 4701 3490 4759 xm.
3525 4722 3577 4759 n.
3610 4714 3661 4763 ει.
3865 4702 3938 4775 a>
3980 4660 4126 4787 ἕω».
4155 4698 4236 4755 1v.
