4509 5584
1010 520 1161 594 274

954 713 961 724 ·
1008 672 1088 741 P.
1284 676 1459 738 IMP.
1486 672 1754 736 NERO.
1787 671 2107 741 CLAVD.
2137 665 2505 740 CAESAR.

1273 777 1482 845 AVG.
1530 776 1803 850 GERM.
1849 776 1925 840 P.
1972 777 2066 841 M.
2117 777 2259 841 ΤΒ.
2295 775 2501 839 ΡΟΤ.

1272 880 1348 945 P.
1386 879 1465 944 P.
1520 880 1738 960 Caput
1778 863 2138 941 radiatum.

994 980 1250 1045 ‘Eadem
1280 999 1514 1060 aversa
1547 980 1776 1042 addito
1805 979 1869 1040 S.
1901 978 1974 1045 C.
2022 979 2263 1045 AE.11.
2297 979 2499 1063 (Mus.

1008 1081 1230 1166 Caes.)

1009 1305 1016 1312 ·
1125 1286 1217 1353 Vt
1262 1283 1443 1352 obvii
1489 1296 1639 1348 sunt
1690 1283 1760 1347 hi
1809 1282 2093 1346 Neronis
2141 1282 2357 1360 numi,
2411 1282 2513 1372 ita⁸

1000 1387 1363 1464 incertum,
1426 1385 1508 1448 ad
1565 1405 1760 1472 quem
1814 1407 2049 1449 annum
2095 1405 2362 1451 aversae
2406 1384 2502 1445 in-

996 1489 1267 1573 scriptio
1359 1487 1642 1553 adludat.
1773 1485 2237 1551 mediobarbus
2260 1531 2279 1562 ,
2365 1485 2504 1548 alii·

999 1611 1128 1676 que
1183 1611 1300 1654 eos
1353 1591 1435 1654 ad
1479 1611 1718 1652 annum
1765 1592 1850 1658 V.
1880 1590 2114 1654 (2:811
2167 1587 2498 1665 referunt,

998 1691 1250 1756 inducti
1308 1691 1461 1755 loco
1514 1689 1813 1755 Suetonii
1858 1690 1953 1769 ⁸),
2026 1690 2139 1773 qui
2193 1711 2344 1754 cum
2391 1690 2504 1750 'ri-

997 1791 1226 1876 ridatis
1284 1793 1508 1856 Parthi
1552 1794 1621 1855 in
1670 1792 1899 1855 urbem
1947 1791 2333 1868 adventum,
2389 1792 2499 1854 ha·

997 1893 1301 1980 hitosque
1333 1908 1691 1978 propterea
1717 1892 1967 1956 Neroni
1997 1892 2286 1979 honores
2315 1914 2501 1957 enar·

993 2008 1234 2073 ranst,
1284 1995 1595 2060 continuo
1653 1994 1949 2079 snbjieitz
2006 1993 2249 2060 Ianum
2292 1998 2500 2079 gemi-

992 2118 1152 2161 num
1200 2098 1451 2161 clausit
1502 2110 1640 2161 tam
1694 2097 1883 2161 nullo
1906 2139 1925 2174 ,
1979 2115 2179 2177 quam
2229 2096 2496 2160 residuo

991 2199 1203 2274 bello,
1268 2198 1589 2262 sententia
1635 2196 1786 2262 satis
1832 2196 2146 2275 obscura3
2215 2218 2366 2273 nam
2412 2217 2495 2285 eo

998 2299 1340 2385 colle-gere
1382 2298 1837 2377 casaubonus,
1893 2300 2171 2385 aliique,
2237 2299 2494 2382 saepius

899 2393 904 2400 ’
992 2419 1032 2465 a
1084 2401 1351 2490 Nerone
1403 2402 1542 2464 Iani
1589 2401 1903 2484 templum
1952 2400 2228 2466 clusum.
2299 2401 2496 2496 Quod

994 2502 1051 2565 si
1089 2522 1353 2581 verum,
1403 2517 1479 2566 nt
1516 2503 1584 2564 in
1617 2505 2115 2570 Neroncmmne
2151 2500 2317 2564 illud
2353 2522 2494 2564 cre·

993 2603 1236 2680 dibile,
1289 2603 1607 2688 quidquid
1655 2604 1990 2679 insanum,
2038 2603 2335 2685 pluribus
2387 2624 2495 2665 au·

992 2705 1095 2767 nis
1149 2702 1350 2789 adfigi
1397 2718 1673 2791 possunt
1731 2703 1800 2765 hi
1856 2704 2056 2768 numi.
2151 2704 2372 2796 Quare
2429 2716 2496 2766 et

996 2806 1428 2869 Tillemontio
1482 2806 1728 2883 visum,
1797 2826 1936 2869 non
1984 2826 2132 2869 esso
2181 2806 2335 2868 satis
2385 2826 2497 2867 ex-

996 2907 1324 2993 ploratum
1364 2931 1638 2985 annum,
1669 2907 1751 2971 ad
1791 2929 1985 2992 quem
2021 2907 2092 2969 hi
2123 2910 2307 2971 numi
2347 2928 2497 2991 per-

994 3009 1244 3074 tineant
1286 3009 1376 3091 ΙΦ).
1452 3012 1762 3073 Ceterum
1806 3009 2322 3087 fallitur-Occu,
2366 3011 2498 3072 Ha-

990 3131 1414 3194 vercampns,
1516 3112 1800 3196 aliique,
1903 3114 2014 3198 qui
2090 3112 2169 3175 ad
2251 3132 2492 3177 annum

991 3212 1074 3279 V.
1122 3214 1196 3276 C.
1258 3214 1374 3275 811
1454 3214 1782 3277 subactam
1849 3215 2266 3290 Armeniam,
2348 3235 2492 3277 coa·

992 3326 1300 3398 ctumque
1341 3302 2087 3380 Tiridatem'Armeniae
2132 3337 2413 3399 regnum
2457 3337 2495 3378 a

991 3416 1260 3479 Nerone
1331 3415 1673 3498 accipere,
1739 3431 1932 3501 atque
1990 3431 2345 3501 propterea
2396 3420 2496 3479 Ia-

992 3516 1061 3578 ni
1120 3501 1451 3601 tem'plunf
1494 3518 1782 3582 clausum
1831 3519 2159 3583 adserunt.
2239 3517 2494 3580 Tirida-

995 3617 1079 3692 tis
1140 3618 1524 3696 adventum,
1594 3619 1940 3705 datumqu'e
1998 3635 2137 3685 tum
2198 3623 2265 3685 ei
2317 3622 2493 3684 inter

996 3719 1274 3783 maxima
1358 3721 1651 3784 solennia
1738 3723 2091 3787 Armeniae
2178 3741 2491 3808 regnum,

998 3822 1177 3908 quod
1218 3824 1571 3887 Suetonius
1622 3825 1795 3890 dicto
1843 3828 2057 3910 ‚capite
2093 3827 2271 3890 x111.
2308 3825 2493 3887 nullo

993 3924 1311 4009 temporis
1355 3926 1603 3990 'indicio
1647 3940 2152 4004 commemorat,
2212 3927 2343 4006 Dio
2396 3926 2493 4005 in·

989 4040 1098 4092 ter
1145 4041 1285 4091 acta
1328 4029 1478 4092 anni
1520 4030 1604 4097 V.
1642 4030 1722 4096 C.
1763 4032 1889 4112 8¹9
1941 4031 2169 4094 refert.
2247 4030 2336 4092 Et
2382 4049 2493 4094 ve·

991 4148 1072 4191 ro
1113 4131 1201 4193 cl.
1230 4131 1501 4194 Brotier
1533 4153 1798 4196 numum
1836 4153 2115 4196 aeneum
2152 4133 2200 4193 1.
2237 4132 2489 4195 formae

993 4231 1226 4295 recitat
1299 4232 1380 4297 ad
1437 4233 1648 4298 Taciti
1719 4235 2010 4296 ‘Annales
2067 4235 2147 4299 L.
2192 4235 2369 4299 XVI.
2411 4254 2486 4312 ,⁰-

994 4333 1112 4409 28,
1176 4333 1243 4395 in
1306 4334 1490 4418 cujus
1548 4336 1755 4400 antica
1816 4335 2119 4420 proditur
2178 4334 2334 4400 trib.
2378 4355 2490 4419 po-

1066 4665 1129 4730 a)
1171 4661 1238 4719 In
1267 4659 1503 4717 Nerone
1537 4680 1586 4719 c.
1613 4676 1698 4725 ¹3.

993 4772 1057 4832 p.
1087 4766 1173 4821 81.

1932 4662 2006 4735 b)
2045 4664 2105 4718 in
2137 4661 2372 4719 Nerone
2405 4660 2655 4717 art.Vll.

2392 502 2735 578 NERO.

2620 686 2819 760 testas
2849 672 3062 750 xm„
3107 671 3268 735 etin
3306 692 3533 737 aversa
3560 671 3736 735 idem
3773 671 3908 736 Iani
3946 685 4112 737 tem·

2621 778 2802 861 plum
2835 797 2984 841 cum
3022 773 3252 839 eadem
3288 776 3687 860 epigraphen
3741 776 4001 841 PACE.
4028 776 4108 838 P.

2618 880 2697 939 R.
2764 892 2892 944 ete.
3005 878 3169 940 Cum
3239 877 3525 939 Neronis
3602 877 3756 943 trib.
3818 890 4107 962 potestas

2615 979 2787 1044 x111.
2840 979 3084 1043 incidat
3132 979 3199 1040 in
3251 1000 3491 1042 annum
3533 980 3620 1047 V.
3655 980 3726 1043 C.
3772 981 3930 1064 819,
3999 980 4112 1044 hio

2609 1100 2844 1142 numus
2899 1080 3317 1144 confirmaret
3372 1079 3636 1167 quidem
3691 1082 3895 1145 verba
3943 1082 4106 1145 Sue·

2614 1182 2810 1258 tonii,
2876 1183 2987 1265 qui
3042 1183 3373 1245 nonnullis
3436 1182 3746 1264 adserere
3808 1183 4101 1264 videtur,

2614 1285 2751 1349 Iani
2809 1285 3125 1368 templum
3188 1298 3336 1367 post
3392 1284 3699 1346 Tiridatis
3759 1282 4110 1348 adventum

2615 1387 2816 1451 fuisse
2874 1386 3160 1450 clausum
3184 1430 3201 1462 ,
3256 1406 3486 1451 verum
3535 1385 3831 1449 dubitare
3880 1386 4108 1465 liceat,

2614 1488 2784 1553 sitne
2818 1488 3001 1549 numi
3037 1488 3395 1571 epigraphe
3437 1488 3562 1549 rite
3598 1501 3906 1570 excepta3
3955 1508 4107 1552 nam

2614 1603 3072 1675 praeterquam
3109 1587 3286 1672 quod
3326 1608 3637 1672 nusquam
3684 1590 3839 1651 alibi
3888 1589 4108 1674 singuae

2614 1691 2824 1755 larem
2895 1691 3070 1752 hunc
3140 1711 3405 1753 numum
3466 1690 3795 1754 laudatum
3853 1690 4108 1775 reperi,

2558 1873 2567 1894 .
2612 1790 2778 1854 illud
2843 1793 3065 1862 etiam·
3097 1790 3361 1853 dubium
3417 1813 3817 1877 magnopere
3877 1805 4105 1877 auget,

2558 1897 2565 1916 ¹
2615 1892 2791 1980 quod
2844 1893 2912 1954 in
2968 1892 3177 1954 nullo·
3210 1893 3523 1956 hactenus
3580 1914 3779 1957 numo
3824 1893 4109 1958 Neronis

2614 2015 2822 2060 aeneo
2872 1997 2925 2062 Ι.
2982 1995 3234 2059 formae
3288 1993 3575 2059 additum
3635 1996 3785 2060 trib.
3824 2008 4110 2080 potesta·

2611 2095 2695 2161 tis
2737 2116 3082 2161 numerum
3106 2094 3355 2166 *videre
3400 2097 3603 2162 licuit.
3692 2096 3920 2174 Addo,
3984 2097 4108 2160 mi-

2608 2221 2757 2263 rum
2806 2220 3065 2284 quoque
3112 2199 3273 2261 mihi
3304 2198 3519 2263 videri
3552 2195 3832 2263 aeneum‘
3859 2202 3939 2263 11.
3973 2199 4107 2282 for-

2609 2324 2754 2366 mae
2796 2324 2833 2365 a
2865 2301 3330 2370 Vaillantio·in
3374 2302 3604 2364 Numis
3650 2314 3894 2385 praest.
3937 2303 4016 2365 Τ.
4046 2304 4100 2366 Ῑ.

2607 2425 2672 2487 p.
2705 2421 2783 2464 Μ
2843 2403 3267 2487 productum,
3329 2403 3396 2464 in
3459 2424 3591 2487 quo
3647 2401 4104 2486 praetenditur

2611 2504 3008 2588 epigr-aphet
3082 2504 3339 2569 PACE.
3390 2505 3467 2565 P.
3520 2506 3601 2571 R.
3664 2516 3789 2567 etc.
3856 2516 3922 2566 et
3980 2521 4107 2587 pro·

2607 2620 2764 2691 typo
2807 2626 2940 2668 non
2983 2605 3118 2667 Iani
3161 2604 3478 2688 tem-plum
3533 2604 3943 2688 inscriptioni
3997 2624 4106 2667 re·

2609 2705 2975 2791 spondens,
3036 2706 3154 2769 sed
3196 2709 3405 2770 Roma
3459 2706 3718 2770 sedens.
3792 2707 4106 2769 Ceterum

2608 2807 2712 2871 his
2784 2808 3081 2871 Neronis·
3136 2808 3348 2870 numis
3423 2822 3648 2892 aperte
3722 2792 4106 2871 adversatur

2612 2908 2890 2973 Orosius
2923 2907 3251 2973 adducens
3280 2909 3723 2973 testimonium
3754 2909 3957 2994 ipsius
3982 2912 4109 2974 Ta·

2612 3012 2728 3076 citi
2762 3010 2983 3076 verbis
3015 3024 3402 3096 conceptum
3435 3012 3533 3094 ῦ).
3585 3011 3753 3076 Sene
3781 3015 4100 3094 Augusto

2609 3116 2818 3177 Ianus
2853 3113 3269 3194 patefactus,
3333 3115 3489 3175 dum
3550 3115 3733 3194 apud
3767 3127 4105 3178 extremos

2612 3229 2935 3278 terrarum
2992 3216 3313 3275 terminos
3367 3234 3575 3276 novae
3623 3227 3862 3297 gentes
3911 3237 4103 3297 saepe

2609 3334 2697 3379 ex
2731 3335 2891 3391 usu,
2947 3325 3015 3377 et
3052 3314 3418 3402 aliquando
3452 3336 3599 3377 cum
3634 3318 3874 3378 damno
3912 3323 4107 3396 qua'e·

2607 3428 2884 3494 rantur,
2963 3437 3168 3494 usque
3230 3418 3320 3478 ad
3375 3419 3773 3496 Vespasiani
3840 3421 4108 3480 duravit

2607 3522 2976 3602 imperium.
3037 3514 3248 3581 Periit
3280 3515 3452 3580 liber
3486 3517 3734 3597 Taciti,
3784 3519 3893 3604 qui
3940 3519 4104 3582 haec

2604 3620 2840 3687 refert.
2919 3622 2994 3681 In
3043 3619 3146 3682 his
3196 3618 3417 3683 verbis
3475 3633 3694 3684 certus
3749 3641 3943 3685 error
3991 3635 4102 3683 aut

2607 3720 2835 3786 Orosii
2887 3722 3186 3786 Tacitum
3242 3722 3698 3806 excerpenda,
3772 3723 3883 3807 qui
3926 3721 4103 3786 forte

2604 3845 2727 3908 pro
2789 3826 3189 3903 Vespasiani
3232 3823 3571 3908 scripSerit
3618 3822 3938 3900 Neronis,
3995 3837 4105 3887 aut

2604 3924 2806 4007 ipsius
2844 3924 3090 3996 Taciti3
3133 3945 3280 3987 nam
3321 3938 3419 3987 tot
3452 3924 3659 4002 obvii,
3695 3925 3942 3987 actriti
3972 3926 4104 3987 Ne*-

2602 4028 2783 4090 ronis
2817 4027 2998 4090 numi
3029 4027 3109 4089 ab
3140 4025 3282 4090 hoe
3310 4026 3562 4090 ciusum
3600 4029 3821 4089 Ianum
3860 4027 4099 4090 invicte

2603 4128 3069 4211 comprobant3
3105 4148 3321 4214 neque
3354 4129 3484 4192 dici
3505 4141 3719 4212 potest
3737 4150 3882 4216 cum
3901 4130 4098 4198 Rual-

2605 4229 2691 4294 do
2725 4231 2811 4311 d),
2840 4231 3174 4318 Neronem
3208 4252 3245 4294 a
3274 4232 3502 4294 Tacito
3534 4231 3764 4306 omitti,
3794 4232 4097 4316 quoniam

2604 4332 2711 4397 bic
2741 4335 2961 4395 Ianum
2991 4332 3186 4396 nullis
3217 4335 3414 4410 veris,
3449 4346 3518 4397 et
3545 4332 3857 4417 legitimis
3892 4334 4097 4397 causis

2906 4663 2965 4732 c)
3005 4659 3213 4718 LVII.
3244 4677 3294 4714 e.
3316 4671 3365 4722 5.
3600 4659 3668 4732 d)
3709 4659 3767 4713 in
3800 4655 4096 4714 Plutarch.

3602 4865 3672 4920 ,20

3570 4971 3611 4994 .-

3520 5013 3583 5072 ,Ι
