4509 5584
1102 560 1259 636 ..526

1094 722 1191 784 ·in
1222 719 1704 792 Aeliinnmm'n
1749 718 2097 782 transtulit.
2166 713 2286 779 'En
2334 718 2453 779 tibi
2502 737 2614 778 no·

1104 824 1556 888 ‚vum‘iterum
1606 832 2095 906 argumentum,
2154 840 2342 904 qnam
2384 839 2614 904 parum

1100 933 1264 988 ·nos'
1285 923 1668 990 auctoritate
1723 923 2175 1007 cotalogorum
2195 967 2212 998 ,
2292 941 2368 984 ae
2428 941 2613 1005 prae-

1103 1025 1312 1109 cipue
1339 1025 1406 1086 in
1434 1022 1883 1092 descrihendis
1906 1023 2239 1108 argenteis
2263 1019 2435 1086 stare
2465 1044 2616 1106 pos·

1116 1128 1341 1204 simus,
1374 1126 1445 1187 in
1474 1125 1705 1210 quibus
1737 1125 1995 1188 latentis
2026 1124 2197 1187 intus
2230 1124 2402 1190 aeris
2426 1124 2612 1208 igno-

1116 1228 1312 1292 minia
1342 1247 1532 1315 raro,
1593 1251 1630 1290 a
1665 1224 2097 1291 Mediobarbo
2129 1247 2457 1311 nunquam
2495 1246 2611 1288 no·

1112 1343 1319 1407 tatur,
1359 1341 1665 1412 tanquam
1712 1325 1886 1390 istud
1935 1326 2214 1404 addere,
2280 1328 2389 1392 vel
2423 1327 2610 1391 omit-

1114 1446 1263 1496 tere
1301 1429 1385 1496 ad
1411 1429 1794 1514 utilitatem,
1839 1449 2027 1513 quam
2066 1436 2155 1514 ex,
2182 1430 2395 1495 numia
2429 1442 2611 1494 vete·

1114 1533 1297 1597 ribus
1330 1530 1656 1615 capimus,
1697 1549 1832 1592 non
1863 1530 2247 1615 pertineret.

1243 1634 1350 1696 Ex
1383 1630 1682 1695 omnibus
1701 1623 1879 1694 Aelii
1908 1629 2123 1693 numis
2158 1649 2442 1716 sequens
2474 1628 2615 1691 uni·

1110 1757 1233 1806 eus
1261 1748 1394 1814 est,
1438 1733 1565 1820 qui
1578 1746 1755 1796 totus'
1782 1729 2254 1798 describendus
2287 1729 2609 1798 videatur.

1407 1839 1498 1897 Vt
1528 1837 1634 1899 lie.
1660 1835 1753 1900 A·

976 1953 983 1959 ’
1116 1937 1594 2001 PANNONIA.
1646 1937 1790 2002 ΤΒ.
1833 1935 2040 1999 ΡΟΤ.
2088 1933 2279 2000 (108.
2315 1936 2397 2004 ΙΙ.
2433 1934 2518 2001 8.,
2538 1934 2610 1996 C.

1117 2043 1472 2106 Pannonia
1500 2039 1804 2101 mulcetis
1832 2040 2047 2120 specie
2079 2049 2270 2100 stans
2291 2038 2471 2119 pileo
2496 2058 2614 2117 pa-

962 2174 979 2184 ·
1107 2145 1252 2205 trio
1285 2153 1502 2221 tecta,
1532 2142 1609 2208 d.
1643 2139 1989 2206 vexillum.
2029 2136 2172 2201 ΔΕ.
2194 2139 2278 2204 ’.Ι
2295 2140 2380 2204 11.
2408 2140 2609 2222 (Mus.

1117 2242 1453 2417 qne'z'zm
1434 2343 1503 2408 in
1537 2342 1903 2420 Hadriano,
1963 2359 2156 2427 quam
2189 2341 2386 2405 Aelio
2436 2361 2610 2405 com—

1116 2457 1438 2510 memorat
1483 2444 1895 2529 Spartianus,
1955 2444 2218 2508 Aelium
2262 2462 2411 2505 mox
2462 2455 2610 2526 post

1116 2547 1536 2630 adoptionem
1605 2546 1958 2610 Pannoniis
2018 2543 2289 2622 ducem,
2375 2564 2452 2607 ac
2503 2565 2611 2607 re·

1116 2662 1371 2713 ctorem
1416 2647 1618 2710 fuisse
1685 2647 2080 2731 impositum.
2173 2646 2501 2740 Quamdiu
2541 2646 2610 2707 in

1117 2748 1455 2836 provincia
1509 2750 1860 2828 manserit,
1912 2770 2009 2814 ex
2063 2748 2383 2834 ambiguis
2418 2750 2611 2833 Spar·

1115 2853 1272 2917 tiani
1317 2850 1557 2917 verbis.
1585 2871 1720 2915 non
1761 2851 1917 2914 satis
1963 2850 2221 2935 liquido
2250 2851 2607 2935 colligitur.

1117 2958 1313 3017 Anno
1358 2968 1640 3018 exeunte
1690 2974 1838 3018 eum
1889 2955 2143 3017 Romae
2180 2953 2326 3038 >jam
2373 2954 2607 3030 fuisse,

1110 3069 1372 3122 certum
1410 3068 1510 3119 est
1545 3076 1630 3120 ex
1669 3056 1811 3140 ejus
1849 3054 2059 3120 subita
2098 3049 2312 3119 morte
2362 3056 2448 3119 de
2485 3076 2611 3140 qua

1112 3178 1296 3224 mox.
1336 3157 1737 3221 Pannoniam
1760 3170 2102 3241 utramque
2120 3156 2365 3222 videsis
2387 3158 2456 3219 in
2476 3178 2606 3220 mo-

1118 3273 1274 3324 neta
1311 3259 1534 3338 Decii,
1586 3273 1655 3323 et
1695 3259 1924 3323 Iuliani
1950 3263 2030 3322 11.
2067 3259 2345 3342 tyranni.
2421 3258 2611 3334 Dixi,

1116 3362 1520 3427 Pannoniam
1569 3361 1637 3423 in
1664 3361 1785 3424 his
1830 3361 2043 3425 numis
2088 3361 2229 3425 sisti
2276 3363 2455 3446 pileo
2505 3379 2614 3443 pa·

1114 3465 1249 3555 trio
1272 3475 1530 3528 tectam.
1576 3465 1852 3527 Gestare
1878 3464 2089 3548 pileos
2127 3453 2472 3548 proprium
2492 3461 2615 3525 fuit

1114 3566 1382 3651 populis
1414 3589 1451 3629 a
1481 3566 1696 3627 Ponto
1724 3565 1984 3627 Euxino
2011 3565 2078 3627 in
2109 3585 2411 3630 occasum
2444 3564 2618 3649 posi·

1117 3667 1225 3742 tis,
1261 3681 1331 3729 et
1352 3664 1436 3728 de
1457 3665 1642 3728 Getis
1675 3665 1972 3749 quidem,
2009 3668 2228 3743 Dacis,
2263 3666 2614 3730 Pannoniis

1112 3764 1299 3830 istud
1320 3778 1643 3830 testantur
1668 3767 2043 3849 scriptores,
2080 3780 2147 3830 et
2171 3781 2614 3834 monumenta.

1118 3868 1363 3948 Daciae
1394 3866 1656 3951 genium
1690 3866 2000 3952 pileatum
2031 3866 2346 3932 habemus
2380 3868 2443 3929 in
2475 3868 2617 3952 ejus

1122 3970 1329 4051 ipsius
1370 3968 1620 4047 numis,
1644 3984 1795 4033 tum
1832 3983 1902 4033 et
1945 3971 2157 4033 numia
2191 3971 2454 4054 Traiani
2489 3971 2618 4035 Da·

1123 4073 1266 4137 ciae
1308 4085 1534 4154 captae
1572 4071 1865 4136 testibus.
1941 4074 2228 4137 Pileatos
2257 4074 2510 4149 Dacos,
2549 4084 2618 4136 et
2659 4105 2684 4123 ·

1121 4174 1322 4238 Getas
1368 4188 1559 4238 vocat
1605 4175 1794 4238 etiam
1830 4174 2139 4240 Paulinus
2171 4182 2251 4256 ι).
2319 4178 2425 4244 De
2453 4176 2620 4238 Pan·

1122 4278 1339 4341 noniis
1356 4277 1681 4360 Vegetius
1706 4275 1806 4360 b):
1851 4281 2069 4358 Vsque
2096 4281 2615 4359 adpraesentent

1116 4400 1323 4459 prope
1348 4391 1634 4442 aetatem
1668 4380 2069 4442 consuetudo
2101 4380 2506 4461 permansit,
2537 4389 2616 4441 ut

1127 4499 1351 4544 omnes
1401 4480 1654 4543 milites
1692 4480 1929 4561 pileis,
1985 4498 2150 4559 quos
2198 4483 2615 4543 Pannonicos

1128 4584 1447 4650 vocabant
1465 4624 1483 4656 ,
1539 4598 1628 4676 cx
1662 4581 1959 4675 pellibus·
1993 4594 2362 4646 uterentur.

1174 4790 1265 4860 Α)
1306 4789 1499 4847 earm.
1530 4789 1710 4851 xxx.
1859 4791 1932 4867 ι»)
1967 4792 2099 4852 1..1.
2134 4811 2185 4851 e.
2207 4804 2298 4854 ιο.

2437 4579 2611 4650 Vitio
2655 4664 2660 4668 ⁸

2451 4794 2514 4866 c)
2550 4796 2616 4852 L.
2631 4792 2893 4856 vam.
2927 4799 2975 4867 §.
2999 4807 3055 4869 9.

2170 551 2601 621 AEmvs
2671 550 3192 656 casssans

2730 716 2814 779 de
2856 718 2984 783 hoc
3022 719 3211 801 plara
3244 716 3315 779 in
3347 731 3502 785 nota
3537 721 3819 788 Fabricii
3865 723 3948 789 'ad
3979 727 4210 793 Dionis

2715 819 2950 894 -Daoos
2988 824 3319 902 πιλοφορυς
3345 822 3431 905 ⁰).

3098 1045 3180 1105 V.
3226 1044 3296 1105 σ.
3322 1043 3442 1123 εᾳι
3489 1046 3562 1108 Ρ.
3593 1044 3687 1111 Χ.
3720 1033 3860 1118 ι38.

2819 1159 3652 1229 CAESA11.TR.POT.
3680 1165 3773 1231 Π.
3818 1167 4010 1234 cos.
4047 1171 4138 1234 11.

2857 1324 3096 1389 Redux
3123 1339 3169 1392 'e
3200 1327 3567 1412 provincia,
3616 1342 3686 1393 et
3717 1351 3924 1417 aeger
3949 1352 4217 1425 accepta

2723 1424 3028 1509 potione,
3121 1450 3245 1511 qua
3325 1450 3400 1492 se
3486 1430 3893 1498 existimabat
3978 1437 4217 1517 juvari,

2729 1538 3024 1591 mortuus
3091 1543 3194 1593 est
3270 1530 3432 1615 ipsis
3497 1532 3810 1599 Kalendis
3883 1539 4213 1605 Ianuariis.

2715 1627 3156 1720 (spartian.)
3431 1643 3438 1652 ’

2853 1730 3093 1809 Fuere,
3134 1731 3247 1818 qni
3284 1732 3426 1816 ejus
3463 1749 3742 1800 mortem
3770 1736 4105 1804 referrent
4137 1743 4215 1805 ad

2723 1830 3051 1898 Kalendas
3085 1835 3217 1900 lan.
3249 1833 3401 1900 anni
3442 1837 3937 1920 praecedentis,
3991 1863 4216 1906 verum

2717 1932 3012 2004 existunt
3038 1933 3169 1997 duo
3206 1956 3570 2014 marmora,
3613 1958 3780 2024 quae
3818 1945 4217 2008 contrarium

2713 2034 2970 2100 invicte
2993 2051 3000 2060 ·
3025 2035 3298 2115 docent,
3366 2059 3563 2102 unum
3584 2084 3603 2115 ,
3667 2040 3845 2124 quod
3867 2079 3874 2086 ,
3894 2065 4108 2129 snpra·
4132 2047 4219 2111 ci·

2727 2136 2898 2214 tavi,
2947 2136 3036 2200 ‘in
3079 2158 3214 2223 quo
3270 2138 3508 2204 Aelius
3549 2141 3848 2227 jungitur
3893 2163 4046 2210 cum
4089 2148 4217 2212 Ha·

2728 2236 2958 2301 ariano
3040 2253 3278 2323 agente
3350 2241 3503 2304 trib.
3548 2249 3942 2326 potestatem
4007 2247 4215 2325 XXI..

2727 2357 2916 2425 quam·
2970 2341 3026 2404 is
3075 2344 3441 2427 auspicatus
3469 2356 3597 2408 'est
3643 2345 3912 2411 circiter
3970 2347 4080 2413 die
4111 2352 4213 2412 XI.

2724 2442 3005 2525 Augusti
3049 2445 3199 2507 anni
3236 2446 3517 2528 prioris,
3580 2467 3745 2532 ergo
3794 2451 4026 2516 Aelius
4083 2466 4214 2514 tum

2725 2541 2939 2608 adhuc
2969 2559 3305 2628 superstes
3337 2546 3494 2629 fnit3
3526 2552 3807 2615 alterum
3848 2552 4014 2617 item
4049 2552 4216 2640 apud

2723 2642 3082 2709 Gruterum
3111 2644 3212 2730 d),
3267 2650 3552 2733 positum
3585 2652 3989 2722 L;AE1.10.
4021 2654 4218 2716 CAE-
4279 2679 4286 2684 ·

2727 2747 2977 2815 SARE.
3051 2749 3132 2814 11.
3189 2750 3281 2814 -P.
3321 2752 3714 2818 ‘COELIQ
3807 2754 4217 2819 BALBINO.

2726 2848 2918 2918 COS.
2966 2850 3168 2915 ΚΑΒ.
3228 2852 3400 2918 le.
3470 2854 3806 2919 Processit
3841 2855 4111 2934 Aelius,
4151 2871 4220 2920 nt

2725 2950 3039 3028 vidimus,
3099 2952 3327 3046 consul
3379 2956 3461 3020 11.
3522 2976 3694 3021 anno
3754 2957 4060 3042 proxime
4124 2981 4224 3022 su·

2726 3053 3032 3136 periore,
3091 3073 3210 3117 seu
3257 3056 3421 3139 890,
3481 3070 3550 3121 et
3594 3079 3886 3124 marmor
3935 3060 4222 3145 positum

2727 3168 2829 3217 est
2856 3153 3178 3219 Kalendis
3193 3157 3406 3237 Iuliis,
3439 3180 3607 3245 ergo
3638 3180 3772 3227 non
3802 3167 4019 3246 potuit
4049 3161 4220 3226 diem

2728 3256 3012 3322 obivisse
3056 3247 3366 3322 Kalendis
3421 3262 3732 3330 Ianuariis
3774 3261 4076 3346 ejusdem
4115 3285 4220 3328 an·

2673 3353 2684 3366 ‘
2726 3358 2832 3434 ni,
2891 3360 3017 3422 nisi
3069 3358 3245 3422 forto
3303 3359 3527 3428 dicero
3579 3363 3725 3450 quis
3785 3364 3978 3443 velit,
4040 3386 4219 3442 enm,

2732 3462 2859 3524 etsi
2897 3475 3256 3539 mortuum,
3310 3462 3631 3527 nominari
3673 3477 3899 3530 tamen
3941 3467 4013 3530 in
4061 3490 4220 3532 mar·

2731 3582 2958 3642 more,
3027 3562 3174 3646 quia
3219 3565 3450 3632 consul
3499 3587 3738 3630 annum
3782 3572 4075 3653 aperuit,
4136 3572 4221 3635 ei-

2732 3685 2860 3749 que
2894 3684 3138 3728 nomen
3183 3664 3384 3730 dedit.
3499 3667 3753 3735 Verum
3796 3670 3905 3734 vix
3944 3672 4219 3738 credibi-

2729 3766 2798 3828 le
2819 3809 2836 3842 ,
2902 3766 3421 3832 dissimulaturos
3475 3768 3649 3834 istud
3701 3770 3910 3840 fuisse
3964 3773 4220 3840 histori-

2731 3888 2883 3945 cos,
2929 3870 2998 3932 si.
3027 3868 3206 3934 idem
3247 3870 3391 3936 dies
3436 3891 3586 3935 enm
3623 3885 3693 3936 et
3721 3875 4096 3952 consulem,
4158 3891 4221 3941 et

2728 3969 2924 4037 funus
2967 3970 3256 4038 vidisset.
3344 3972 3622 4038 Obstant
3663 3987 3752 4044 et
3781 3978 3967 4040 numi
4019 3977 4222 4052 Aelii,

2731 4071 2846 4157 qui
2874 4074 3125 4166 copiosi
3153 4089 3534 4159 supersunt,
3571 4088 3638 4139 et
3668 4076 3779 4160 qui
3809 4099 4040 4144 omnes
4068 4101 4217 4144 con·

2732 4172 3007 4237 sulatum
3044 4179 3124 4242 11.
3167 4178 3554 4262 inscriptum
3604 4178 3883 4258 habent,
3929 4200 4126 4264 quem
4167 4183 4220 4243 is

2729 4269 3062 4342 inchoavit
3122 4298 3205 4342 eo
3260 4279 3407 4362 ipso
3466 4271 3606 4357 die',
3675 4301 3807 4365 quo
3862 4283 4216 4347 secundum

2726 4391 3035 4461 patronos
3101 4378 3414 4445 adversae
3486 4383 3848 4448 sententiae
3885 4400 4214 4452 mortuus

2727 4492 2849 4546 est.
2891 4481 3075 4566 Ergo
3109 4503 3383 4550 necesse
3415 4485 3563 4562 erit,
3597 4498 3707 4549 aut
3737 4485 4054 4563 credere,
4087 4507 4218 4551 om·

2724 4601 2845 4646 nes
2890 4583 3014 4660 hos
3076 4605 3310 4651 numos
3366 4605 3559 4650 cusos
3613 4605 3801 4661 esse,
3872 4602 4206 4674 antequam

3205 4795 3279 4869 d)
3314 4814 3451 4872 pag.
3477 4809 3633 4871 1009.
3661 4799 3715 4860 6.
