4509 5584
1117 647 1273 727 41⁸0

1510 801 1592 861 V.
1626 798 1696 861 C.
1729 797 1855 875 870
1894 797 1963 859 Ρ.
1999 792 2091 860 Χ.
2129 812 2394 873 117.'-

1142 919 1276 984 ΤΒ.
1314 919 1385 983 Ρ.
1413 916 1581 984 XX.
1624 914 1815 980 GOS.
1856 912 1974 978 VI.
2012 916 2083 977 Ρ.
2118 912 2225 979 M.
2260 915 2334 979 Ρ.
2379 916 2445 979 Ρ.
2491 916 2630 977 ΟΡ-

1146 1038 1340 1102 ΤΙΜ.
1384 1038 1535 1102 AV
1537 1034 1621 1101 G.
1669 1034 1965 1098 GERM.
2008 1033 2235 1098 ΠΛΟ.
2279 1033 2627 1099 PARTH.

1585 1155 1789 1217 ΙΜΡ.
1828 1153 1959 1217 ΧΙ.
1997 1152 2165 1217 XII.

1130 1321 1461 1407 ‘Quinctio
1481 1319 1718 1406 Nigro,
1763 1323 1833 1385 C.
1855 1324 1920 1383 V
1915 1323 2212 1403 ipstam’o
2231 1321 2626 1402 Aproniano

1144 1438 1151 1442 ’
1810 1443 1943 1484 005·

1261 1610 1367 1671 Ex
1398 1605 1641 1670 Arabia
1680 1603 1894 1668 redux
1936 1602 2002 1666 in
2050 1604 2353 1668 morbum
2385 1604 2636 1684 incidit,

1139 1729 1269 1794 quo
1333 1710 1834 1793 ingravescente
1894 1706 2240 1773 commissa
2299 1706 2634 1773 Hadriano

1134 1826 1273 1876 tum
1322 1810 1549 1894 Syriae
1594 1806 1883 1894 praesidi
1934 1809 2264 1872 exercitus
2312 1829 2468 1873 cura
2506 1812 2637 1874 Ro-

1130 1932 1305 1978 mam
1352 1911 1562 1990 redit,
1614 1910 1734 1973 sed
1772 1910 1839 1970 in
1878 1909 2119 1995 itinere
2154 1911 2496 1977 Selinunte
2531 1912 2638 1975 Ci-

1130 2013 1326 2077 liciae
1360 2032 1447 2075 ex
1480 2032 1644 2096 aqua
1673 2011 2001 2075 intercute
2037 2012 2474 2097 exstinguitur
2506 2012 2648 2099 pri-s

1131 2115 1259 2178 mis
1301 2114 1545 2177 mensis
1579 2113 1858 2197 Augusti
1906 2113 2137 2178 diebus
2185 2117 2412 2180 aetatis
2464 2136 2635 2180 anno

1132 2216 1305 2279 Lxl.
1349 2214 1708 2278 secundum
1752 2216 1914 2278 alios
1958 2216 2193 2285 LXIV.
2244 2221 2323 2299 ⁸).
2398 2219 2638 2281 Eutro-

1136 2320 1283 2401 pius
1328 2332 1395 2380 et
1441 2317 1866 2403 Cassiodorus
1913 2338 2064 2381 eum
2110 2333 2440 2381 mortuum
2486 2339 2632 2382 esse

1136 2418 1305 2504 apud
1342 2416 1711 2481 Seleuciam
1742 2420 2023 2482 Isauriae
2064 2420 2422 2503 scripsere,
2472 2440 2635 2503 quos

1137 2519 1312 2583 male
1357 2517 1605 2603 Pagius-
1644 2518 1714 2580 iu
1766 2517 2005 2584 Critica
2052 2520 2134 2609 ad
2178 2521 2352 2585 hunc
2397 2542 2634 2585 annum

1136 2620 1380 2687 refutat
1439 2640 1522 2684 ex
1574 2640 1774 2682 numo
1834 2622 2134 2705 Traiani,
2203 2643 2402 2706 quem
2456 2621 2642 2686 dedit

1139 2721 1643 2799 Mediobarbus‚
1706 2721 1776 2783 in
1832 2723 2015 2805 cujus
2074 2743 2304 2789 aversa
2357 2724 2654 2808 legitur?

1142 2825 1748 2901 SELINVNTEM,
1784 2842 1975 2909 quem
2011 2846 2282 2888 numum
2311 2844 2456 2889 esse
2489 2844 2642 2888 con-

1141 2925 1366 2990 fictum
1408 2925 1535 3010 jam
1580 2924 1734 2990 satis
1770 2939 2039 2993 constat.
2097 2928 2373 2990 Cineres
2402 2946 2641 2993 aureae

1141 3048 1349 3091 urnae
1387 3027 1625 3091 inclusi
1662 3028 2005 3092 columnae
2055 3029 2196 3111 ejus
2239 3028 2531 3093 cochlidi
2569 3028 2643 3088 il·

1144 3129 1261 3193 lati
1302 3143 1452 3193 sunt
1481 3128 1571 3211 ¹²).

1273 3231 1398 3296 Vir
1431 3229 1555 3293 fuit
1599 3229 1682 3294 ad
1715 3243 1964 3293 tantum
2015 3233 2366 3316 imperium
2411 3250 2647 3314 regen·

1148 3331 1305 3395 dum
1352 3346 1574 3409 natus,
1633 3330 2155 3418 credebaturque
2203 3348 2356 3418 post
2401 3332 2647 3396 atrocia

1148 3435 1447 3521 priorum
1492 3434 1843 3496 Caesarum
1886 3436 2187 3519 exempla
2243 3435 2388 3499 orbi
2443 3447 2650 3498 terra-

1151 3558 1299 3599 rum
1325 3535 1546 3602 divino
1573 3534 1853 3620 quodam
1884 3558 2156 3601 munere
2184 3538 2439 3618 missus.
2483 3540 2649 3600 Nam

1153 3636 1332 3721 quod
1374 3650 1722 3700 extraneus
1766 3651 1908 3700 erat
1943 3638 2167 3702 domui
2202 3641 2493 3714 Nervae,
2537 3658 2653 3701 ne-

1156 3757 1285 3822 que
1331 3736 1576 3799 Italiam
1622 3736 1896 3819 patriam
1936 3738 2194 3815 babuit,
2248 3739 2501 3802 nullum
2551 3739 2652 3800 illi

1134 3839 1259 3921 ,jus
1320 3835 1400 3900 ad
1454 3835 1543 3898 id*
1578 3837 1904 3921 fastigium
1948 3853 2210 3924 praesto
2257 3838 2401 3903 fuit.
2479 3841 2650 3903 Saue

1158 3940 1224 4001 in
1282 3939 1468 4003 nullo
1522 3940 1653 4004 alio
1708 3940 2029 4005 laudando
2087 3940 2294 4026 magis
2329 3940 2472 4004 ·fait
2516 3943 2653 4006 elo-

1074 4052 1080 4071 *
1156 4062 1422 4128 quens,
1490 4055 1557 4107 et
1635 4043 1951 4106 unanimis
2027 4044 2387 4129 antiquitas.
2504 4045 2655 4106 Non

1158 4144 1411 4208 alienus
1459 4144 1658 4210 modo
1702 4144 1784 4210 ab
1828 4145 2007 4209 omni
2049 4145 2472 4224 crudelitate,
2536 4147 2654 4209 sed

1152 4246 1331 4311 ultro
1380 4248 1451 4309 in
1489 4247 1736 4312 bonum
1774 4254 2101 4334 quemque
2139 4248 2509 4326 beneficus,
2556 4248 2656 4310 in-

1160 4348 1530 4433 dulgentia,
1600 4350 1927 4433 justititia,
1996 4350 2342 4428 facilitate,
2413 4349 2655 4414 affectu

1160 4451 1227 4512 iu
1269 4466 1560 4515 senatum
1606 4454 2084 4538 populumque,
2140 4466 2433 4517 veterem
2479 4452 2653 4516 visus

1235 4686 1296 4755 a)
1334 4684 1447 4740 Dio
1482 4683 1823 4741 L.LxV111.
1855 4685 1902 4755 §.
1922 4697 2013 4749 33.
2043 4695 2102 4739 et
2126 4666 2434 4741 Reimarus
2461 4683 2524 4738 iu
2554 4682 2821 4756 subjecta
2851 4693 3005 4739 nota.

1160 4772 1318 4848 Epit.
1345 4772 1694 4847 Eutropium,
1732 4774 2151 4842 Cassiodorus,
2184 4775 2511 4831 Iomaudes
2538 4773 2597 4827 in
2628 4773 2901 4847 Traiano.

2237 4867 2299 4937 e)
2339 4863 2450 4920 1)ῑο
2484 4852 2827 4920 1..va1'11.
2862 4865 2909 4934 ς.
2932 4875 3017 4936 29.

1162 4862 1319 4939 Epit.
1348 4863 1690 4919 Ammianus
1720 4864 1782 4919 L.
1803 4862 2037 4923 XXVII.

2367 621 2994 698 TRAIANVS.
4091 630 4104 683 t

2745 805 2844 857 est
2885 791 3256 857 libertatem
3303 791 3704 869 restituisse,
3752 806 3947 877 atque
3993 814 4076 857 eo
4121 815 4234 858 uo·

2743 897 2917 959 mine
2973 898 3225 975 Optimi
3274 903 3642 975 cognomen
3699 897 4031 958 communi
4085 917 4236 960 con-

2743 1016 2941 1060 sensu
2986 1009 3086 1058 est
3128 994 3547 1078 promeritus.
3613 994 3702 1063 Vt
3744 998 3810 1059 in
3854 997 3983 1060 vita
4027 998 4236 1080 priva·

2743 1112 2807 1162 ta
2840 1119 3101 1181 parcus,
3146 1119 3219 1161 ac
3258 1095 3589 1173 modicus,
3634 1098 3738 1161 sic.
3771 1100 3840 1159 in
3865 1098 4241 1182 sumptibus

2745 1199 3093 1277 faciendis,
3152 1218 3302 1262 cum
3354 1197 3423 1260 id
3475 1198 3849 1282 respublica
3872 1243 3892 1277 ,
3960 1214 4069 1263 aut
4116 1201 4246 1262 Ro-

2745 1302 2926 1367 mani
2966 1298 3249 1364 nominis
3297 1300 3638 1384 majestas,
3715 1314 3825 1365 aut
3873 1302 4014 1385 ipsa
4065 1300 4243 1384 pacis

2748 1415 3128 1468 ornamenta
3165 1402 3603 1487 postularent,
3663 1399 4048 1487 magnificus
4086 1401 4242 1475 fuit,

2749 1525 2823 1569 ae
2888 1504 3202 1567 liberalis.
3300 1503 3462 1586 Ejus
3524 1504 3594 1565 iu
3657 1504 4028 1568 muniendis
4085 1504 4241 1579 viis,

2748 1602 3164 1669 aedificandis
3206 1605 3555 1689 portubus,
3607 1604 3955 1669 excitando
3992 1605 4240 1668 Romae

2747 1709 2899 1773 foro
2971 1704 3407 1790 amplissimo,
3495 1706 3867 1771 sternendis
3935 1705 4243 1792 pontibus

2748 1807 3080 1872 molimina
3153 1806 3355 1871 fidem
3415 1826 3636 1895 ‚prope
3715 1808 4087 1893 superantia
4164 1826 4246 1871 ex

2747 1911 2905 1997 ipsis
2975 1910 3190 1974 numis
3257 1906 3561 1977 vidimus.
3659 1913 3734 1971 ln
3798 1910 3986 1975 bello
4053 1896 4246 1973 manu

2752 2012 3161 2096 consilioque
3215 2022 3556 2094 promptus
3610 2011 3871 2089 militis,
3930 2002 4280 2096 ducisque'

2753 2114 2972 2179 munia
3032 2110 3249 2178 omnia
3309 2111 3545 2189 obivit,
3614 2113 3887 2197 ejusque
3945 2112 4248 2198 auspiciis

2754 2216 2961 2280 crevit
3003 2232 3114 2285 res
3156 2215 3449 2277 Romana
3504 2214 3773 2297 adjectis
3832 2215 3918 2279 ad
3969 2227 4250 2299 septem-

2752 2318 3003 2382 triones
3060 2314 3300 2388 Dacia,
3361 2314 3445 2379 ad
3501 2313 3849 2380 Orientem
3905 2318 4252 2390 Armenia,

2755 2432 2825 2483 et
2881 2417 3374 2502 Mesopotamia.
3462 2416 3593 2480 Hic
3646 2430 3861 2482 tantus
3925 2420 4030 2482 vir
4082 2417 4252 2484 vitiis

2754 2541 2892 2585 non
2954 2518 3184 2584 caruit.
3283 2520 3358 2579 lu
3418 2510 3679 2596 vinum,
3754 2539 3830 2582 ac
3893 2540 4250 2604 puerorum

2756 2642 3015 2687 amores
3071 2631 3534 2705 praeposteros
3586 2641 3833 2703 pronus
3876 2621 4081 2685 fuisse
4128 2619 4258 2682 fer-

2759 2737 2900 2799 tur,
2961 2721 3212 2808 gloriae
3271 2720 3465 2782 etiam
3517 2723 3969 2807 appetentior,
4029 2704 4249 2809 quam,

2759 2825 2890 2889 alio
2943 2822 3252 2898 obtentu,
3320 2844 3545 2889 veram
3593 2824 3918 2889 exstitisse
3971 2824 4257 2907 suscepti

2761 2929 2827 2989 in
2866 2925 3145 2989 Oriente
3185 2924 3349 2987 belli
3399 2942 3653 2989 causam
3690 2918 3965 2989 testatur
3995 2926 4131 2989 Dio
4163 2928 4254 3007 0);

2761 3026 3069 3113 quodque
3106 3027 3340 3111 passim
3384 3025 3611 3092 videre
3658 3040 3801 3091 erat
3848 3029 3991 3110 ejus
4036 3027 4256 3093 titulos

2762 3128 3032 3194 aedibus
3064 3128 3444 3210 inscriptos,
3486 3149 3637 3193 eum
3672 3129 4135 3217 Constantinus
4167 3133 4253 3190 n.

2760 3232 3029 3293 herbam
3058 3235 3500 3311 parietariam
3537 3230 3762 3293 dicere
3795 3231 4141 3295 consuevit
4171 3229 4252 3305 ὅ).

2764 3332 3221 3416 Trsjecturum
3263 3351 3337 3395 se
3375 3333 3569 3394 etiam
3599 3332 3666 3393 in
3700 3330 3945 3395 indiam
3979 3332 4256 3395 Alexan·

2764 3433 2868 3496 dri
2897 3435 2989 3499 M.
3026 3433 3331 3516 exemplo
3365 3431 3775 3508 adfirmabat,
3807 3434 3862 3495 si
3892 3432 4106 3496 adhuc
4143 3453 4258 3516 per

2766 3550 3046 3600 aetatem
3086 3557 3264 3599 suam
3299 3534 3539 3598 liceret
3568 3538 3661 3618 θ),
3713 3533 3836 3596 etsi
3880 3547 4091 3597 tantas
4132 3534 4254 3617 jam

2768 3640 2898 3715 cis,
2952 3651 3019 3700 et
3050 3638 3218 3701 ultra
3249 3634 3653 3719 Euphratem
3699 3635 4011 3720 regiones
4066 3655 4254 3698 occu·

2767 3753 3065 3825 paverat,
3121 3753 3386 3825 quantas
3428 3751 3707 3822 propter
3751 3757 3976 3801 earum
4025 3736 4258 3799 distan-

2765 3841 2957 3919 tiam,
3019 3854 3087 3904 et
3138 3840 3370 3905 malam
3419 3839 3816 3924 populorum
3861 3838 4064 3903 iidem
4108 3840 4258 3901 reti·

2768 3945 2915 4008 neri
2961 3963 3156 4028 posse
3200 3962 3352 4027 spes
3397 3942 3574 4004 nulla
3618 3939 4029 4024 adsulgebat,
4081 3962 4262 4026 quas·

2765 4048 2914 4130 que*
2947 4043 3172 4129 paullo
3207 4057 3355 4128 post
3386 4042 3753 4107 Hadrianus
3797 4041 4077 4106 meliore
4118 4063 4262 4105 con·

2770 4147 2919 4210 silio
2966 4145 3253 4230 abjiciet.
3327 4146 3489 4230 Ejus
3540 4144 3897 4208 memoriae
3952 4144 4260 4229 principis

2771 4247 3059 4313 delatum
3110 4261 3243 4326 est,
3295 4261 3371 4311 ut
3415 4246 3729 4332 deinceps
3780 4246 4183 4331 principibus
4226 4268 4260 4308 a

2771 4364 2998 4415 senatu
3048 4346 3560 4416 adclamareturi
3595 4352 3884 4436 felicior
3919 4351 4258 4433 Augusta,

2781 4455 3062 4530 Traiano
3103 4455 3340 4517 melior
3383 4451 3456 4534 s).

3227 4682 3299 4754 b)
3339 4682 3452 4737 Dio
3483 4680 3547 4737 L.
3567 4679 3767 4738 LXIX.
3798 4682 3849 4751 ς.
3870 4692 3919 4740 2.
3963 4678 4172 4737 Victor
4199 4679 4252 4732 in

3106 4775 3167 4845 c)
3205 4773 3270 4830 L.
3291 4770 3549 4831 LXVIII.
3583 4774 3630 4844 §.
3651 4780 3737 4832 1⁶5.
3947 4769 4012 4843 d)
4049 4766 4262 4829 Victor

3217 4861 3271 4934 s)
3312 4862 3552 4941 Eutrop.
