4509 5584
688 18 941 33 ..munau—*—
996 24 1011 31 -

1502 546 2280 660 nomitrmmv's.
2348 542 2356 549 ’
2463 526 2466 531 ’

352 767 475 821 est.
534 755 784 823 Verum
816 750 968 817 satis
1004 752 1125 814 ista
1159 765 1505 837 perspecta
1544 768 1692 818 sunt
1725 753 1837 832 iis,

351 855 584 941 quibus
638 855 798 919 lieet
838 853 922 917 de
964 853 1177 915 numis
1218 853 1512 938 judicare
1566 875 1699 917 non
1753 877 1838 920 ex

345 957 703 1041 praeconio
735 955 1212 1038 catalogorum,
1257 954 1378 1019 sed
1409 976 1490 1018 ex
1518 957 1662 1042 ipso
1695 980 1837 1023 usu.

345 1058 814 1124 Mediobarbus
897 1070 1162 1139 praeter
1236 1057 1608 1123 innumeras
1677 1061 1836 1124 alias

348 1156 561 1238 labes,
620 1158 855 1243 quibus
910 1158 1229 1221 refertum
1283 1172 1384 1222 est
1438 1159 1580 1242 ejus
1636 1180 1834 1245 opus,

346 1263 542 1327 etiam
600 1261 728 1325 hoe
788 1272 1052 1343 peccat,
1132 1257 1309 1342 quod
1363 1260 1740 1325 subaeratos
1797 1283 1836 1325 a

342 1364 568 1449 probis
644 1362 975 1446 argenteis
1045 1379 1178 1422 non
1251 1363 1553 1429 secrevit.
1662 1363 1833 1425 Sane

343 1463 713 1529 acutissimo
780 1461 1207 1525 Tillemontio
1273 1460 1441 1526 adeo
1503 1462 1835 1529 adversari

344 1566 601 1628 veritati
656 1563 1033 1639 videbatur,
1087 1563 1526 1628 Domitianum
1584 1566 1712 1648 jam
1766 1565 1833 1628 in

344 1666 687 1731 consulatu
736 1667 919 1742 Vn„
984 1686 1103 1728 seu
1156 1668 1238 1735 V.
1291 1667 1363 1733 C.
1409 1667 1535 1744 834
1588 1669 1832 1731 dictum

306 1768 543 1830 'fuisse
611 1765 1109 1844 Germanicum,
1173 1781 1245 1831 ut
1310 1789 1444 1832 non
1505 1768 1835 1833 dubitaret

341 1867 691 1945 adserere,
753 1882 1090 1953 suspectos
1152 1868 1275 1930 sibi
1330 1869 1545 1935 videri
1598 1892 1832 1936 numos

345 1986 569 2031 omnes
622 1969 715 2033 sic
772 1970 1143 2054 inscriptos.
1206 1971 1304 2053 (in
1354 1973 1525 2035 Nota
1579 1973 1692 2041 lv.
1749 1973 1831 2034 ad

340 2069 727 2152 Domitian.)
790 2068 1213 2164 Quapropter
1267 2092 1581 2155 euperem
1635 2075 1829 2137 etiam

344 2190 512 2235 novo
582 2171 880 2235 examine
948 2172 1189 2256 inquiri
1253 2172 1325 2233 in
1382 2172 1581 2238 fidem
1639 2177 1830 2239 aenei

344 2271 713 2336 Morelliani
767 2294 924 2335 mox
984 2273 1259 2350 laudati,
1344 2274 1414 2336 in
1475 2294 1605 2360 quo
1667 2277 1825 2340 item

344 2373 913 2442 GERMANICVS
971 2376 1389 2460 conjungitur
1439 2397 1587 2441 cum
1632 2378 1823 2442 COS.

343 2478 520 2554 VIL,
578 2477 894 2562 cujusque
946 2478 1225 2543 similem
1281 2499 1486 2563 usque
1537 2499 1669 2541 non
1723 2500 1827 2542 re·

341 2576 502 2662 peri.
567 2576 764 2669 Quod
805 2579 860 2641 si
901 2579 1086 2673 lubet
1130 2577 1331 2657 fidem
1379 2582 1628 2644 habere
1671 2581 1825 2645 huic

340 2679 627 2743 Morellii
678 2700 919 2758 numo,
980 2682 1329 2766 habeamus
1374 2697 1442 2746 et
1482 2683 1681 2745 fidem
1737 2685 1826 2747 al-

340 2781 473 2842 teri
505 2780 587 2844 ab
630 2781 866 2869 eodem
900 2783 1113 2859 edito,
1160 2785 1225 2846 in
1261 2805 1390 2868 quo
1426 2799 1652 2848 eontra
1691 2807 1826 2847 om·

341 2902 461 2945 nes
504 2883 697 2949 nobis
758 2885 1056 2968 cognitos
1112 2887 1522 2949 Domitianus
1581 2887 1823 2950 dieitur

342 2986 719 3049 IMPerator
760 2987 1028 3064 xxm„
1089 2985 1174 3051 de
1230 3009 1358 3073 quo
1412 3009 1688 3072 agemus,
1726 3009 1826 3051 ar·

342 3086 544 3149 ticulo
594 3101 935 3169 sequente,
1023 3089 1251 3152 Plane.
1281 3090 1483 3173 igitur
1536 3104 1824 3166 eertum,

345 3188 413 3249 in
456 3189 893 3272 proponendis
932 3190 1032 3252 his
1070 3192 1319 3269 numis,
1375 3192 1487 3275 qni
1524 3192 1591 3254 in
1636 3191 1827 3255 chro-

343 3289 659 3374 nologicis
695 3290 864 3351 notis
901 3308 1210 3375 peccant,
1249 3307 1358 3357 aut
1390 3314 1646 3357 errasse
1686 3296 1828 3356 Mo·

342 3391 599 3454 rellium
628 3390 1085 3469 delineantem‚
1120 3408 1225 3475 aut
1252 3393 1827 3478 chalcographum,

340 3505 452 3556 aut
498 3492 685 3555 etiam
730 3492 798 3554 in
842 3493 921 3557 iis
972 3495 1383 3559 elaborandis
1431 3497 1641 3580 ipsum
1692 3517 1827 3559 mo·

342 3595 660 3658 netarium
720 3608 1037 3660 veterem.
1120 3598 1500 3662 Morellium
1560 3598 1630 3660 in
1687 3598 1827 3681 pin-

344 3696 567 3781 gendo
610 3717 1066 3783 nonnunquam
1112 3700 1315 3762 fuisse
1360 3699 1824 3776 incautiorem,

341 3800 470 3882 jam
525 3799 671 3862 aliat
728 3797 984 3877 detexi,
1047 3801 1316 3884 ejusque
1372 3801 1660 3884 palmare
1717 3821 1827 3862 ex·

343 3902 630 3982 emplum
668 3900 824 3962 dedi
866 3901 932 3961 in
980 3900 1262 3965 denariis
1292 3901 1614 3984 Scipionis
1647 3903 1828 3964 Asia-

343 3990 550 4084 genis.
638 3998 1201 4087 chalcographum
1266 4004 1410 4086 quis
1479 4002 1822 4067 absolvere

340 4103 558 4181 volet,
635 4103 981 4187 praecipue
1043 4103 1111 4163 in
1169 4103 1297 4166 hoc
1355 4103 1822 4185 imperatorum

342 4218 579 4287 opere,
636 4188 739 4268 eiii
779 4225 1082 4289 suprema
1114 4204 1407 4267 Morellii
1451 4226 1675 4268 manus
1715 4205 1826 4267 de-

342 4305 517 4368 fuit?
578 4306 719 4370 Sed
753 4329 968 4392 neque
1014 4306 1249 4369 desunt
1292 4308 1414 4368 hae
1472 4307 1821 4390 praecipue

341 4420 551 4470 aetate
628 4422 807 4472 certa
885 4410 954 4470 in
1021 4409 1233 4470 numis
1310 4406 1822 4471 monetariorum

339 4522 647 4595 peccata,
731 4529 942 4594 neque
1029 4511 1096 4570 in
1181 4511 1509 4592 argenteis
1593 4509 1823 4587 mode,

342 4630 643 4697 quorum·
680 4610 1167 4696 ‘imperantibus
1238 4611 1481 4674 Flaviis
1566 4611 1825 4693 cognita

343 4722 448 4779 est
482 4713 853 4796 perversio,
899 4714 1015 4777 sed
1051 4726 1118 4775 et
1152 4713 1395 4776 aeneis.
1441 4715 1560 4775 Est
1592 4713 1657 4773 in
1692 4735 1827 4775 mu·

343 4834 462 4879 seo
507 4815 831 4883 Caesareo
869 4837 1110 4881 aeneus
1154 4817 1203 4881 1.
1249 4815 1500 4880 formae
1544 4815 1828 4899 integer-

3296 603 3435 683 597

1951 753 2187 829 rimus,
2259 750 2444 836 isque
2518 750 2781 829 obvius,
2852 753 2921 814 in
2987 753 3171 836 eujus
3233 738 3442 819 antica

1955 853 2387 936 Vespasianus
2459 851 2698 934 dicitur
2768 853 2960 919 COS.
3017 856 3166 930 111„
3254 869 3440 918 certo

1952 956 2330 1019 charactere
2388 954 2538 1016 anni
2589 956 2672 1021 V.
2730 954 2802 1017 C.
2855 956 3004 1030 824.
3083 958 3158 1016 ln
3215 975 3444 1019 aversa

1953 1057 2139 1118 Titus
2199 1055 2466 1118 dicitur:
2533 1057 2777 1121 CAES.
2837 1056 3040 1120 AVG.
3096 1057 3174 1116 F.
3238 1058 3442 1121 AVG.

1950 1156 2160 1233 me,
2216 1177 2364 1222 cum
2420 1170 2634 1221 tamen
2689 1178 2775 1219 ex
2822 1157 3231 1239 praescripto
3286 1160 3444 1219 alio-

1949 1279 2094 1320 rum
2132 1258 2434 1320 similium
2463 1302 2481 1336 ,
2524 1279 2685 1343 quos
2728 1259 2795 1318 in
2840 1258 2980 1342 ejus
3024 1258 3176 1320 anni
3219 1279 3442 1320 mone-

1951 1372 2013 1422 ta
2058 1359 2305 1436 obtuli,
2363 1373 2502 1423 tum
2546 1374 2614 1421 et
2657 1358 3126 1441 chronologiae
3179 1359 3440 1443 legibus

1950 1474 2136 1525 certo
2179 1459 2596 1523 scribendum
2647 1459 2884 1523 fuerit:
2944 1460 3189 1524 CAES.
3235 1461 3435 1528 AVG.

1951 1561 2027 1624 F.
2062 1561 2255 1650 DES.
2292 1562 2468 1628 IMP.
2525 1564 2834 1625 Ceterum
2878 1581 3010 1624 non
3055 1561 3243 1624 deest
3278 1561 3440 1624 effu-

1951 1663 2168 1747 gium,
2224 1681 2445 1747 neque
2493 1662 3103 1740 istud-violentum,
3158 1684 3290 1747 quo
3332 1685 3464 1748 par

1949 1777 2143 1826 trono
2199 1764 2267 1825 in
2319 1763 2580 1826 laudato
2635 1785 2831 1831 numo
2887 1766 3280 1833 Morelliauo
3333 1785 3438 1828 re·

1948 1878 2052 1928 cte
2096 1886 2220 1928 una
2265 1878 2436 1927 stare
2465 1865 2716 1947 possint
2745 1879 2813 1928 et
2844 1865 3436 1933 GERMANICVS.

1949 1978 2018 2028 et
2071 1965 2262 2029 COS.
2307 1967 2450 2033 Vll.
2537 1967 2718 2030 Alias
2773 1966 3089 2044 diximus,
3148 1987 3231 2029 ex
3286 1987 3437 2030 con·

1947 2068 2259 2130 sulatibus
2318 2088 2468 2143 sex,
2534 2089 2698 2153 quos
2755 2069 3162 2132 Domitianus
3225 2069 3436 2131 adhuc

1946 2170 2184 2232 Caesar
2231 2171 2466 2251 gessit,
2518 2171 2799 2256 quinque
2845 2170 3046 2233 fuisse
3100 2169 3431 2235 suffectos.

1941 2272 2083 2332 Hos
2131 2290 2295 2353 ergo
2339 2270 2392 2333 si
2438 2272 2732 2355 neglexit
2769 2273 3204 2349 monetarius,
3251 2274 3433 2357 cujus

1942 2371 2119 2434 aliud
2167 2375 2542 2457 exemplum
2600 2374 2752 2437 dedi
2807 2397 3003 2458 supra
3057 2374 3139 2437 ad
3197 2396 3434 2437 annum

1936 2475 2024 2540 V.
2077 2476 2150 2540 C.
2190 2476 2352 2551 832,
2406 2477 2777 2539 consulatus
2826 2478 2965 2542 Vll.
3019 2475 3214 2545 numi,
3248 2497 3435 2559 prae·

1941 2576 2142 2639 sentis
2186 2576 2623 2642 adnumeratis
2656 2577 2941 2662 quinque
2979 2575 3271 2640 suffectis
3304 2576 3432 2641 erit

1934 2680 2152 2761 ‘reipsa
2213 2681 2397 2757 XII„
2471 2698 2834 2764 numusque
2906 2678 3070 2742 adeo
3142 2680 3429 2763 signatus

1937 2782 2020 2849 V.
2060 2782 2130 2842 C.
2165 2781 2313 2865 839.
2616 2788 2623 2797 ’

2020 2882 2179 2958 His,
2235 2880 2731 2963 ut‘oportebat,
2791 2881 3214 2966 praemonitis
3265 2893 3432 2944 stan-

1941 2983 2094 3045 dum
2136 2984 2399 3044 omnino
2443 2997 2687 3046 tantum
2728 2983 2938 3045 numis
2977 2997 3198 3047 certae
3239 2980 3446 3055 fidei,-

1940 3085 2150 3169 iisque
2196 3104 2430 3167 magno
2476 3105 2752 3147 numero
2801 3083 3254 3167 superantibus
3298 3086 3432 3145 exi:

1943 3187 2158 3255 stimo.
2221 3190 2436 3270 Atque
2481 3186 2835 3248 seeundum
2894 3187 3013 3249 hos
3065 3185 3228 3247 certi
3284 3183 3432 3246 red·

1943 3287 2191 3362 dimnr,
2278 3287 2651 3349 Domitiano
2731 3287 3106 3351 Germanici
3189 3306 3427 3348 nomen

1941 3410 2075 3451 non
2122 3388 2323 3450 fuisse
2374 3388 2687 3466 inditum,
2744 3388 2867 3450 nisi
2922 3402 3204 3451 exeunte
3260 3406 3430 3471 anno

1943 3493 2021 3554 V.
2068 3490 2138 3553 C.
2192 3488 2355 3567 836,
2419 3492 2524 3553 vel
2579 3490 2792 3553 statim
2850 3491 3202 3589 ipcipiente
3259 3511 3428 3552 anno

1941 3594 2089 3673 837.
2151 3593 2312 3674 Ejus
2357 3613 2621 3675 gravem
2667 3593 2987 3655 rationem
3038 3592 3198 3653 mihi
3253 3588 3431 3654 suffi-

1939 3696 2030 3759 cit
2073 3694 2277 3770 istud,
2327 3693 2502 3777 quod
2548 3693 2799 3755 nullum
2842 3692 2971 3756 vidi
3006 3693 3153 3755 anni
3188 3694 3428 3778 prioris

1939 3819 2241 3873 numum,
2306 3795 2415 3879 qui
2473 3792 2846 3859 Germanioi
2897 3795 3159 3857 titulum
3212 3809 3429 3858 osten-

1938 3913 2070 3976 tet,
2124 3898 2375 3960 nullum
2420 3896 2838 3979 posterioris,
2892 3897 3005 3981 qui
3049 3919 3198 3960 eum
3244 3896 3424 3960 omit-

1939 4014 2049 4062 tat.
2114 4001 2331 4083 Atque
2386 3999 2548 4060 haee
2605 3998 2924 4061 sententia
2977 3998 3251 4081 egregie
3307 4012 3428 4060 sta-

1939 4101 2167 4177 bilitur
2222 4099 2680 4161 Alexandrinis
2749 4097 3106 4161 Domitiani
3175 4098 3425 4171 numia,

1939 4200 2268 4282 inscriptis
2323 4193 2663 4261 ΕΤΟΤΣ.
2710 4193 3096 4274 ΤΡΙΤΟΤ,
3148 4220 3425 4283 quorum

1942 4304 2053 4366 alii
2112 4301 2368 4364 titulum
2422 4295 2709 4363 PEPM.
2764 4299 3096 4376 omittunt,
3156 4301 3267 4363 alii
3319 4301 3431 4365 ad·

1940 4404 2119 4468 dunt.
2195 4402 2434 4484 Coepit
2475 4400 2827 4465 Domiti-ani
2882 4396 3089 4465 annus
3144 4403 3257 4464 111.
3315 4402 3456 4466 die·

1938 4506 2171 4583 XXIX.
2242 4501 2522 4587 Augusti
2598 4503 2681 4569 V.
2749 4503 2823 4573 C.
2882 4502 3027 4567 836.
3114 4505 3299 4588 Ergo
3353 4506 3425 4567 is

1939 4623 2125 4694 parte
2154 4606 2378 4690 priore
2403 4603 2552 4667 anni
2577 4605 2768 4684 hujus
2793 4605 3221 4671 Alexandrini
3249 4606 3420 4670 hunc

1944 4710 2197 4771 titulum
2253 4704 2543 4768 nondum
2596 4709 2882 4791 recepit,
2949 4721 3141 4793 atque
3200 4709 3296 4771 uti
3337 4707 3421 4770 'in

1940 4812 2045 4876 his
2082 4809 2297 4874 numis
2343 4821 2491 4871 ante
2535 4832 2770 4874 annum
2815 4801 2925 4875 11'1.
2963 4831 3096 4874 non
3142 4811 3417 4894 legitur,
