4509 5584
1502 561 1602 631 M.
1669 557 2304 637 ANTONIVS·
2499 604 2518 619 x
3356 580 3438 655 6¹

338 729 593 794 tonium
641 726 1054 806 transivisse,
1119 726 1260 811 ejus
1308 728 1529 812 copias
1561 729 1832 815 navibus

338 845 571 895 eontra
615 832 967 896 Caesarem
1006 830 1487 907 transvexisse,
1541 847 1836 917 accepta-

338 953 471 1016 que
534 933 874 1018 provincia
932 932 1119 1016 Syria
1176 933 1400 1015 paullo
1453 947 1602 1016 post
1643 934 1712 996 in
1756 955 1834 998 ea

335 1048 711 1121 mortuum,
780 1055 945 1118 quae
992 1034 1205 1099 omnia
1249 1034 1635 1099 testimoniis
1676 1038 1835 1100 Dio-

331 1138 439 1200 nis
484 1151 553 1200 et
594 1137 876 1220 Appiani
920 1136 1339 1220 comprobata
1380 1150 1563 1220 putat
1599 1138 1678 1219 ⁸).
1746 1138 1836 1200 At

332 1260 725 1326 perperam:
769 1238 1007 1300 falsum
1042 1239 1259 1314 enim,
1313 1251 1424 1300 aut
1464 1252 1648 1303 certe
1690 1239 1834 1302 nul-

332 1343 405 1407 lo
450 1355 720 1406 auctore
762 1340 1030 1422 probari
1064 1353 1316 1425 potest,
1362 1340 1672 1404 Bibulum
1715 1363 1836 1405 un-

336 1465 535 1529 quam
566 1443 833 1507 Caesari
867 1442 1263 1507 adhaesisse.
1304 1442 1469 1521 Dio,
1514 1445 1624 1530 qui
1655 1446 1738 1513 V.
1759 1445 1832 1509 C.

336 1567 467 1630 722
531 1544 924 1632 permissum
972 1568 1011 1609 a
1057 1545 1337 1608 Caesare
1391 1545 1524 1609 suis
1572 1546 1649 1609 ad
1701 1547 1835 1608 An-

331 1650 593 1714 tonium
664 1648 1003 1712 transitum
1077 1660 1435 1723 memorat,
1522 1648 1688 1709 nihil
1748 1649 1832 1712 de

334 1750 771 1837 transgresso,
785 1749 866 1813 ad
893 1750 1250 1813 Antonium
1272 1749 1511 1812 Bibulo
1549 1769 1837 1833 pronun-

336 1857 505 1931 ciat,
597 1873 796 1937 quem
852 1865 1071 1915 tamen
1123 1851 1355 1914 Dionis
1405 1852 1626 1915 locum
1684 1851 1840 1915 citat

336 1958 448 2019 vir
494 1954 816 2021 eruditus.
888 1953 1168 2038 Appiani
1196 1953 1401 2019 verba
1426 1953 1713 2036 pessime
1732 1952 1839 2015 iu-

337 2059 612 2122 telleeta
643 2058 1063 2120 Mazzoleno.
1125 2058 1189 2118 1s
1217 2076 1364 2118 cum
1393 2054 1655 2118 in‘actis
1687 2053 1837 2117 anni

338 2161 429 2227 V.
458 2162 532 2222 C.
556 2183 677 2245 7¹¹
736 2158 985 2242 aliquot
1011 2159 1310 2242 exempl-a
1346 2169 1713 2222 enarrasset
1742 2155 1836 2221 vi·-

334 2283 569 2326 rorum
614 2261 999 2337 illustrium,
1064 2261 1176 2345 qui
1210 2285 1248 2324 a
1275 2260 1522 2326 Illviris
1551 2259 1836 2343 proscri-

330 2366 435 2449 pti
462 2366 793 2448 insperato
823 2363 1101 2425 salutem
1130 2382 1451 2446 reperere
1471 2407 1489 2438 ,
1549 2360 1713 2452 haec
1747 2360 1831 2424 de

327 2466 575 2529 Bibulo
630 2466 790 2527 item
856 2464 1226 2548 proscripto
1268 2462 1469 2532 tradit
1508 2457 1608 2545 b),
1681 2452 1834 2527 euni

328 2589 472 2632 una
501 2590 653 2630 cum
690 2568 996 2629 Messala
1025 2569 1099 2635 in
1138 2568 1438 2650 gratiam
1468 2576 1832 2648 receptum«,

327 2682 402 2733 et
449 2671 658 2733 classi
681 2669 1093 2750 praesectam
1124 2670 1207 2731 ab
1232 2669 1562 2743 Antonia,
1607 2664 1836 2728 co'ndi-

328 2777 597 2837 tionum
649 2772 845 2853 pacis
884 2773 1063 2833 inter
1112 2769 1531 2845 Antoniam,
1596 2769 1834 2831 Caesa-

334 2892 606 2952 remque
635 2891 833 2955 saepe
845 2870 1077 2953 fuisse
1111 2873 1618 2945 internuntium,
1653 2871 1835 2933 deni-

329 2994 464 3051 que
519 2973 764 3052 Syriae
816 2974 901 3034 ab
933 2972 1243 3035 Antonio
1290 2972 1705 3053 praes-jectum
1748 2972 1832 3032 in

328 3074 469 3135 Izac
490 3076 848 3154 provincia
867 3086 1220 3136 mortuum.
1260 3073 1441 3134 Nihil
1467 3071 1574 3135 hic
1593 3070 1832 3154 Appia-

329 3196 461 3237 nus
493 3175 577 3237 de
611 3173 1145 3237 Bibulo-Caesari
1181 3173 1616 3251 adhaerente,
1667 3170 1832 3232 nihil

332 3276 427 3339 de
465 3296 551 3340 eo
583 3276 665 3339 ad
696 3274 1053 3338 ‘Antonium
1089 3288 1523 3360 transgresso,
1560 3275 1722 3337 nihil
1738 3273 1834 3338 de

330 3378 553 3442 ductis
604 3377 685 3441 ab
704 3397 796 3440 -eo
829 3379 909 3445 V.
943 3380 1161 3460 C.722
1212 3392 1438 3442 contra
1488 3377 1841 3439 Caesarem·

326 3481 542 3565 copiis
600 3493 1115 3557 commemorat3
1213 3480 1371 3565 quin
1430 3493 1503 3541 ut
1552 3477 1834 3561 Appiani

326 3583 541 3647 verba
574 3581 957 3664 accipienda
990 3581 1253 3644 omnino
1289 3594 1458 3659 sunt,
1490 3580 1691 3665 patet,
1722 3579 1834 3640 Bi-

322 3685 559 3747 bulum
635 3682 797 3746 inde
853 3682 934 3745 ab
990 3704 1160 3747 anno
1233 3685 1315 3751 V.
1348 3684 1639 3773 (λ’-γη,μ
1696 3701 1828 3765 quo

320 3787 582 3850 Illviris
612 3783 1081 3851 reconciliatus
1113 3799 1244 3861 est,
1294 3797 1669 3849 constanter
1695 3783 1829 3846 An-

318 3891 514 3953 tonio
557 3886 843 3952 adfixum
891 3888 959 3948 in
1005 3886 1145 3969 ejus
1185 3885 1317 3949 fide
1341 3886 1425 3948 ad
1454 3899 1819 3949 extremum

316 4010 814 4078 perseverasse.
897 3989 1273 4051 Absurdum
1330 4001 1671 4071 praeterea
1732 3988 1825 4053 vi-

326 4093 481 4156 deri
535 4092 779 4176 possit,
837 4091 893 4153 si
928 4091 1230 4154 Caesaris
1273 4089 1397 4153 fuit
1436 4091 1711 4152 Bibulus
1755 4088 1823 4150 in

329 4195 557 4259 Sicilia
633 4193 1031 4279 proconsul,
1116 4213 1267 4255 eum
1326 4195 1827 4276 proconsulatus

338 4298 439 4360 sui
498 4298 711 4360 numia
756 4309 949 4378 caput
991 4315 1123 4357 non
1168 4294 1500 4371 Caesaris,
1571 4293 1677 4356 cui
1720 4314 1832 4376 pa·

333 4401 509 4479 ruit,
550 4400 671 4465 sed
714 4397 983 4460 Antonii
1023 4396 1216 4459 alieni
1254 4395 1468 4479 potius
1509 4394 1829 4459 intulisse.

338 4505 455 4579 At,
521 4501 816 4587 inquies,
896 4499 954 4561 si
993 4499 1266 4562 Bibulus
1306 4518 1440 4560 non
1482 4497 1605 4560 fuit
1644 4499 1833 4581 prae·

341 4604 546 4677 fectus
592 4600 926 4678 Caesaris,
985 4601 1091 4663 cui
1132 4599 1345 4685 paruit
1388 4599 1644 4678 Sicilia,
1707 4598 1853 4662 fuit·

1948 744 2164 795 autem
2208 728 2581 813 praefectus
2616 731 2920 811 Antonii,
2982 735 3063 799 ad
3106 757 3301 822 quem
3346 741 3446 803 Si·

1949 832 2097 896 cilia
2128 853 2261 895 non
2297 832 2646 915 pertinuit,
2709 837 2856 919 quis
2888 835 3128 902 deinde
3169 841 3298 903 erit
3331 841 3452 905 hu.

1947 935 2050 1017 jus
2119 934 2301 996 numi
2372 916 2779 1016 explicatus?
2864 938 3192 1021 Opinare,
3267 944 3454 1005 numi

1952 1036 2360 1120 epigraphen
2419 1038 2588 1099 male
2654 1059 2693 1099 a
2752 1038 3102 1104 Vaillantio
3166 1024 3445 1124 lectam,

1951 1140 2128 1222 quod
2158 1126 2402 1201 factum
2439 1158 2634 1221 saepe
2663 1138 2859 1217 alias,
2896 1141 3145 1205 sublata
3179 1157 3280 1206 est
3314 1166 3456 1208 om·-

1946 1239 2049 1303 nis
2106 1238 2476 1304 difficultas.
2562 1230 2762 1322 Ejus‘
2791 1262 2957 1306 vero
2993 1244 3310 1327 ropinandi
3347 1269 3454 1311 ra-
3531 1313 3537 1319 ,

1948 1341 2043 1404 tio
2078 1362 2213 1407 non
2255 1342 2566 1425 simplex,
2631 1346 2682 1407 1.
2713 1364 2983 1422 numus,
3045 1347 3115 1407 in
3146 1368 3289 1432 quo
3332 1349 3446 1412 Bi-

1946 1441 2141 1505 bulus
2211 1441 2449 1506 dicitur
2489 1446 2852 1528 proconsul
2909 1446 3209 1526 Siciliae,
3268 1472 3304 1513 a
3337 1471 3456 1516 ne-

1948 1545 2123 1607 mine
2174 1546 2303 1608 alio
2363 1547 2574 1610 editus
2617 1547 2969 1629 reperitur.
3057 1552 3227 1613 Eum
3274 1553 3460 1621 Vail·

1947 1647 2193 1709 lautius
2216 1647 2371 1711 citat
2406 1669 2487 1711 ex
2522 1668 2750 1711 museo
2807 1649 2998 1733 regio
3044 1653 3142 1733 ⁰),
3208 1628 3453 1718 εᾶωιιι
3559 1646 3566 1650 ’

1953 1747 2223 1825 mirum,
2311 1748 2646 1812 cimelium
2702 1763 2835 1812 tam
2903 1772 3126 1814 rarum
3199 1756 3452 1840 fugisse
3494 1740 3500 1747 ⁰

1952 1849 2247 1912 Morellii
2285 1848 2352 1910 in
2391 1851 2841 1935 perquirendo
2884 1851 3289 1923 industriam.
3365 1862 3452 1927 11.

1950 1951 2207 2045 nullum
2272 1950 2452 2015 aliud
2506 1953 2662 2017 novi
2711 1956 3090 2039 exemplum
3133 1957 3202 2018 in
3239 1980 3449 2023 numo

1951 2072 2071 2115 seu
2113 2042 2384 2130 Latine,
2426 2076 2546 2117 seu
2589 2055 2844 2119 Graece
2887 2057 3246 2141 inscripto,
3296 2080 3451 2144 pro-

1951 2154 2312 2231 consulem,
2349 2175 2467 2218 seu
2496 2171 2993 2239 propraetorem
3021 2159 3448 2245 adscripsisse

1949 2276 2193 2320 nomen
2235 2258 2654 2342 provinciae,
2714 2259 2781 2320 in
2826 2281 2951 2342 qua
3000 2263 3448 2346 magistratum

1951 2357 2189 2440 gessit,
2232 2371 2305 2420 ut
2338 2359 2404 2419 in
2443 2355 2791 2443 praesente
2819 2363 3080 2425 PROC.
3117 2365 3270 2430 SIC.
3318 2368 3466 2430 De«

1907 2464 1934 2558 θ’
1949 2459 2148 2543 nique
2182 2461 2293 2525 111.
2327 2460 2591 2524 videtur
2617 2483 2851 2524 numus
2881 2461 2990 2526 hic
3031 2465 3304 2529 eandem
3339 2467 3452 2531 ha-

1950 2559 2113 2624 bere
2146 2561 2666 2647 inscriptionem,
2703 2584 2891 2648 quam
2916 2566 3210 2646 praefert
3228 2570 3450 2631 Theu-

1947 2662 2285 2746 polianus,
2331 2684 2527 2749 quem
2565 2664 2632 2725 in
2670 2664 2892 2726 Bibuli
2937 2666 3151 2731 numis
3193 2684 3451 2765 postre3

1948 2784 2127 2824 mum
2158 2764 2495 2848 proposui,
2531 2765 2596 2825 in
2629 2786 2757 2849 quo
2792 2767 2848 2829 is
2875 2766 3113 2830 dicitur
3144 2771 3279 2834 PR.
3296 2772 3449 2835 DE-

1950 2864 2141 2939 SIG.,
2200 2876 2325 2947 pro
2374 2886 2505 2949 quo
2537 2865 2924 2934 Vaillantius
2964 2867 3160 2933 facile
3208 2870 3444 2953 legere

1944 2980 2206 3051 poterat
2232 2967 2493 3034 PROC.
2519 2968 2674 3032 SIC.

2076 3070 2179 3129 Ex
2224 3067 2327 3129 his
2372 3090 2575 3153 ergo,
2630 3087 2796 3152 quae
2840 3065 3037 3130 modo
3084 3067 3445 3153 disputavi,

1949 3190 2358 3254 nequaquam
2435 3171 2760 3255 sequitur,
2839 3172 3317 3253 agnoscendam
3376 3173 3449 3234 id

1948 3271 2054 3334 his
2113 3272 2328 3334 numia
2392 3271 2733 3337 Octaviam
2791 3286 3185 3356 propterea,
3259 3274 3446 3358 quod

1950 3394 2084 3439 nen
2145 3372 2345 3436 modo
2403 3374 2722 3460 temporis
2765 3375 2965 3453 ratio,
3033 3395 3167 3459 quo
3212 3375 3449 3459 signati

1948 3474 2020 3536 hi
2061 3476 2275 3553 numi,
2355 3477 2474 3541 sed
2523 3492 2592 3540 et
2634 3489 2976 3560 praetores
3021 3479 3347 3556 Caesaris,
3405 3504 3446 3543 a

1950 3577 2183 3660 quibus
2225 3578 2363 3643 cusi
2406 3580 2473 3641 in
2520 3579 3208 3657 Siciliaffierebantur,
3252 3582 3447 3646 Cieo-

1945 3694 2197 3763 patram
2251 3696 2489 3765 cogant
2549 3681 2845 3746 inficiari.
2932 3684 3215 3777 Reliqua
3276 3705 3443 3769 ergo

1943 3781 2293 3865 disputatio
2343 3783 2425 3846 ad
2466 3785 2682 3847 vultus
2740 3784 3167 3862 lineamenta,
3228 3799 3296 3847 et
3340 3807 3445 3849 ca·
3545 3814 3550 3817 ·

1939 3884 2093 3968 pitis
2168 3885 2414 3947 cultum
2474 3885 2670 3951 redit.
2776 3887 2898 3947 His
2964 3885 3034 3946 in
3094 3887 3444 3950 consilium

1936 3986 2185 4051 vocatis
2227 3986 2523 4051 adfirmat
2563 3988 3028 4062 Mazzolenus‚
3064 3991 3152 4064 1.,
3195 3990 3434 4053 faciem

1940 4088 2336 4151 muliebrem
2385 4089 2454 4152 in
2510 4088 2612 4150 his
2660 4089 2875 4150 numis
2925 4089 3203 4152 multum
3258 4092 3438 4154 ablu·

1942 4188 2105 4253 dere
2149 4189 2230 4253 ab
2267 4211 2392 4267 ea,
2453 4212 2643 4275 qnam
2687 4190 2754 4250 in
2799 4189 2998 4253 certis
3043 4192 3431 4275 Cleopatrae

1941 4292 2154 4354 numis
2196 4290 2568 4368 intuemur,
2627 4294 2708 4356 II.
2752 4291 2823 4352 in
2867 4291 3165 4355 omnibus
3208 4292 3277 4354 id
3322 4314 3438 4378 ge-

1943 4415 2065 4456 nus
2107 4394 2355 4470 numis,
2425 4393 2538 4477 qui
2579 4392 2705 4455 sihi
2747 4391 2835 4456 oh
2880 4393 3106 4456 oculos
3149 4415 3437 4472 venere,

1943 4516 2270 4581 nunquam
2328 4494 2450 4557 sibi
2516 4507 2706 4577 caput
2764 4494 2932 4555 illud
2975 4496 3299 4560 muliebre
3347 4499 3445 4562 vi-

1947 4619 2091 4660 sum
2130 4597 2500 4662 diademate
2542 4596 2929 4660 revinctum.
2983 4599 3114 4665 Vni
3158 4619 3323 4683 ergo
3368 4599 3437 4661 in

327 4740 3442 4775 W-——ss——ffl

416 4812 784 4903 2:21¹..ng
818 4826 943 4882 seq.
1093 4774 1162 4878 ιζ)
1201 4807 1264 4864 Β.
1298 4806 1365 4864 c.
1393 4807 1458 4865 L.
1485 4806 1583 4863 1v.
1619 4823 1670 4862 c.
1693 4814 1782 4870 33.

1936 4808 1998 4878 c)
2038 4805 2184 4863 nist.
2212 4802 2362 4863 Ptol.
2393 4825 2454 4881 p.
2476 4816 2599 4878 197.
