<?xml version="1.0" encoding="UTF-8"?>
<!DOCTYPE html PUBLIC "-//W3C//DTD XHTML 1.0 Transitional//EN"
    "http://www.w3.org/TR/xhtml1/DTD/xhtml1-transitional.dtd">
<html xmlns="http://www.w3.org/1999/xhtml" xml:lang="en" lang="en">
 <head>
  <title>
</title>
<meta http-equiv="Content-Type" content="text/html;charset=utf-8" />
  <meta name='ocr-system' content='tesseract 3.04.00' />
  <meta name='ocr-capabilities' content='ocr_page ocr_carea ocr_par ocr_line ocrx_word'/>
</head>
<body>
  <div class='ocr_page' id='page_1' title='image "./doctrinanumorum00unkngoog_0218.png"; bbox 0 0 4509 5584; ppageno 0'>
   <div class='ocr_carea' id='block_1_1' title="bbox 984 544 1126 615">
    <p class='ocr_par' dir='ltr' id='par_1_1' title="bbox 984 544 1126 615">
     <span class='ocr_line' id='line_1_1' title="bbox 984 544 1126 615; baseline -0.021 -2"><span class='ocrx_word' id='word_1_1' title='bbox 984 544 1126 615; x_wconf 81' lang='lat'><strong>182</strong></span> 
     </span>
    </p>
   </div>
   <div class='ocr_carea' id='block_1_2' title="bbox 980 675 2481 1480">
    <p class='ocr_par' dir='ltr' id='par_1_2' title="bbox 980 675 2481 1480">
     <span class='ocr_line' id='line_1_2' title="bbox 989 675 2478 773; baseline -0.021 -10"><span class='ocrx_word' id='word_1_2' title='bbox 989 720 1163 773; x_wconf 87' lang='lat' dir='ltr'><strong>sem,</strong></span> <span class='ocrx_word' id='word_1_3' title='bbox 1227 694 1282 758; x_wconf 88' lang='lat' dir='ltr'><strong>si</strong></span> <span class='ocrx_word' id='word_1_4' title='bbox 1336 675 1509 764; x_wconf 81' lang='lat' dir='ltr'><strong>tum,</strong></span> <span class='ocrx_word' id='word_1_5' title='bbox 1576 695 1725 752; x_wconf 71' lang='lat' dir='ltr'><strong>cum·</strong></span> <span class='ocrx_word' id='word_1_6' title='bbox 1782 675 2147 766; x_wconf 70' lang='lat' dir='ltr'><strong>catalogum</strong></span> <span class='ocrx_word' id='word_1_7' title='bbox 2207 682 2478 747; x_wconf 84' lang='lat' dir='ltr'><strong>adorna.</strong></span> 
     </span>
     <span class='ocr_line' id='line_1_3' title="bbox 982 783 2475 876; baseline -0.012 -12"><span class='ocrx_word' id='word_1_8' title='bbox 982 820 1247 873; x_wconf 79' lang='lat' dir='ltr'><strong>veram,</strong></span> <span class='ocrx_word' id='word_1_9' title='bbox 1306 793 1387 856; x_wconf 88' lang='lat' dir='ltr'><strong>ad</strong></span> <span class='ocrx_word' id='word_1_10' title='bbox 1440 799 1821 876; x_wconf 79' lang='lat' dir='ltr'><strong>praesentes</strong></span> <span class='ocrx_word' id='word_1_11' title='bbox 1865 783 2184 846; x_wconf 73' lang='lat' dir='ltr'><strong>Antoniae</strong></span> <span class='ocrx_word' id='word_1_12' title='bbox 2240 791 2475 846; x_wconf 86' lang='lat' dir='ltr'><strong>numos</strong></span> 
     </span>
     <span class='ocr_line' id='line_1_4' title="bbox 981 885 2478 970; baseline -0.012 -5"><span class='ocrx_word' id='word_1_13' title='bbox 981 899 1393 965; x_wconf 83' lang='lat' dir='ltr'><strong>reflexissem</strong></span> <span class='ocrx_word' id='word_1_14' title='bbox 1428 893 1732 957; x_wconf 87' lang='lat' dir='ltr'><strong>animum.</strong></span> <span class='ocrx_word' id='word_1_15' title='bbox 1778 886 1895 962; x_wconf 86' lang='lat' dir='ltr'><strong>Hi,</strong></span> <span class='ocrx_word' id='word_1_16' title='bbox 1938 885 2239 970; x_wconf 84' lang='lat' dir='ltr'><strong>quoniam</strong></span> <span class='ocrx_word' id='word_1_17' title='bbox 2274 887 2478 948; x_wconf 84' lang='lat' dir='ltr'><strong>Anto-</strong></span> 
     </span>
     <span class='ocr_line' id='line_1_5' title="bbox 980 988 2476 1079; baseline -0.011 -13"><span class='ocrx_word' id='word_1_18' title='bbox 980 1003 1158 1065; x_wconf 86' lang='lat' dir='ltr'><strong>niam</strong></span> <span class='ocrx_word' id='word_1_19' title='bbox 1209 1000 1600 1079; x_wconf 78' lang='lat' dir='ltr'><em>Augustam</em></span> <span class='ocrx_word' id='word_1_20' title='bbox 1654 990 1909 1063; x_wconf 87' lang='lat' dir='ltr'><strong>dicunt,</strong></span> <span class='ocrx_word' id='word_1_21' title='bbox 1974 1006 2058 1050; x_wconf 84' lang='lat' dir='ltr'><strong>ex</strong></span> <span class='ocrx_word' id='word_1_22' title='bbox 2106 988 2476 1071; x_wconf 85' lang='lat' dir='ltr'><strong>praeceptis</strong></span> 
     </span>
     <span class='ocr_line' id='line_1_6' title="bbox 982 1088 2477 1172; baseline -0.011 -7"><span class='ocrx_word' id='word_1_23' title='bbox 982 1104 1298 1167; x_wconf 82' lang='lat' dir='ltr'><strong>haetenus</strong></span> <span class='ocrx_word' id='word_1_24' title='bbox 1335 1095 1498 1160; x_wconf 87' lang='lat' dir='ltr'><strong>datis</strong></span> <span class='ocrx_word' id='word_1_25' title='bbox 1534 1106 1683 1155; x_wconf 86' lang='lat' dir='ltr'><strong>ante</strong></span> <span class='ocrx_word' id='word_1_26' title='bbox 1716 1090 2078 1172; x_wconf 77' lang='lat' dir='ltr'><strong>Caligulam</strong></span> <span class='ocrx_word' id='word_1_27' title='bbox 2116 1088 2305 1151; x_wconf 79' lang='lat' dir='ltr'><strong>feriri</strong></span> <span class='ocrx_word' id='word_1_28' title='bbox 2341 1109 2477 1151; x_wconf 85' lang='lat' dir='ltr'><strong>non</strong></span> 
     </span>
     <span class='ocr_line' id='line_1_7' title="bbox 984 1189 2475 1289; baseline -0.011 -21"><span class='ocrx_word' id='word_1_29' title='bbox 984 1216 1307 1289; x_wconf 84' lang='lat' dir='ltr'><strong>potuere,</strong></span> <span class='ocrx_word' id='word_1_30' title='bbox 1391 1209 1457 1259; x_wconf 88' lang='lat' dir='ltr'><strong>et</strong></span> <span class='ocrx_word' id='word_1_31' title='bbox 1526 1193 1827 1278; x_wconf 84' lang='lat' dir='ltr'><strong>quoniam</strong></span> <span class='ocrx_word' id='word_1_32' title='bbox 1896 1211 1972 1254; x_wconf 90' lang='lat' dir='ltr'><strong>ea</strong></span> <span class='ocrx_word' id='word_1_33' title='bbox 2039 1189 2475 1253; x_wconf 84' lang='lat' dir='ltr'><strong>honorificum</strong></span> 
     </span>
     <span class='ocr_line' id='line_1_8' title="bbox 982 1291 2478 1378; baseline -0.009 -11"><span class='ocrx_word' id='word_1_34' title='bbox 982 1307 1161 1370; x_wconf 79' lang='lat' dir='ltr'><strong>hunc</strong></span> <span class='ocrx_word' id='word_1_35' title='bbox 1198 1299 1458 1363; x_wconf 86' lang='lat' dir='ltr'><strong>titulum</strong></span> <span class='ocrx_word' id='word_1_36' title='bbox 1495 1297 1574 1359; x_wconf 85' lang='lat' dir='ltr'><strong>ab</strong></span> <span class='ocrx_word' id='word_1_37' title='bbox 1613 1308 1852 1378; x_wconf 84' lang='lat' dir='ltr'><strong>nepote</strong></span> <span class='ocrx_word' id='word_1_38' title='bbox 1888 1291 2182 1373; x_wconf 79' lang='lat' dir='ltr'><strong>Caligula</strong></span> <span class='ocrx_word' id='word_1_39' title='bbox 2213 1293 2478 1355; x_wconf 89' lang='lat' dir='ltr'><strong>demum</strong></span> 
     </span>
     <span class='ocr_line' id='line_1_9' title="bbox 986 1394 2481 1480; baseline -0.011 -8"><span class='ocrx_word' id='word_1_40' title='bbox 986 1405 1286 1480; x_wconf 87' lang='lat' dir='ltr'><strong>abstulit,</strong></span> <span class='ocrx_word' id='word_1_41' title='bbox 1355 1398 1786 1460; x_wconf 87' lang='lat' dir='ltr'><strong>indubitatum</strong></span> <span class='ocrx_word' id='word_1_42' title='bbox 1851 1408 1988 1469; x_wconf 84' lang='lat' dir='ltr'><strong>est,</strong></span> <span class='ocrx_word' id='word_1_43' title='bbox 2065 1394 2186 1456; x_wconf 84' lang='lat' dir='ltr'><strong>hos</strong></span> <span class='ocrx_word' id='word_1_44' title='bbox 2246 1414 2481 1456; x_wconf 84' lang='lat' dir='ltr'><strong>numos</strong></span> 
     </span>
    </p>
   </div>
   <div class='ocr_carea' id='block_1_3' title="bbox 877 1496 2483 1585">
    <p class='ocr_par' dir='ltr' id='par_1_3' title="bbox 877 1496 2483 1585">
     <span class='ocr_line' id='line_1_10' title="bbox 877 1496 2483 1585; baseline -0.012 -11"><span class='ocrx_word' id='word_1_45' title='bbox 877 1527 882 1531; x_wconf 82' lang='grc'><em>·</em></span> <span class='ocrx_word' id='word_1_46' title='bbox 987 1508 1111 1573; x_wconf 79' lang='lat' dir='ltr'><strong>sub</strong></span> <span class='ocrx_word' id='word_1_47' title='bbox 1163 1501 1457 1585; x_wconf 81' lang='lat' dir='ltr'><strong>Caligula</strong></span> <span class='ocrx_word' id='word_1_48' title='bbox 1504 1500 1723 1562; x_wconf 88' lang='lat' dir='ltr'><strong>lucem</strong></span> <span class='ocrx_word' id='word_1_49' title='bbox 1768 1496 2030 1561; x_wconf 79' lang='lat' dir='ltr'><strong>vidisse.</strong></span> <span class='ocrx_word' id='word_1_50' title='bbox 2096 1496 2281 1576; x_wconf 87' lang='lat' dir='ltr'><strong>Ergo</strong></span> <span class='ocrx_word' id='word_1_51' title='bbox 2332 1515 2483 1557; x_wconf 88' lang='lat' dir='ltr'><strong>cum</strong></span> 
     </span>
    </p>
   </div>
   <div class='ocr_carea' id='block_1_4' title="bbox 980 1597 2491 1884">
    <p class='ocr_par' dir='ltr' id='par_1_4' title="bbox 980 1597 2491 1884">
     <span class='ocr_line' id='line_1_11' title="bbox 987 1597 2484 1673; baseline -0.011 0"><span class='ocrx_word' id='word_1_52' title='bbox 987 1612 1057 1673; x_wconf 88' lang='lat' dir='ltr'><strong>in</strong></span> <span class='ocrx_word' id='word_1_53' title='bbox 1103 1606 1316 1671; x_wconf 88' lang='lat' dir='ltr'><strong>numis</strong></span> <span class='ocrx_word' id='word_1_54' title='bbox 1356 1600 1677 1664; x_wconf 76' lang='lat' dir='ltr'><strong>Antoniae</strong></span> <span class='ocrx_word' id='word_1_55' title='bbox 1718 1601 1811 1661; x_wconf 83' lang='lat' dir='ltr'><strong>M.</strong></span> <span class='ocrx_word' id='word_1_56' title='bbox 1838 1597 2092 1659; x_wconf 84' lang='lat' dir='ltr'><strong>Bellius</strong></span> <span class='ocrx_word' id='word_1_57' title='bbox 2126 1597 2484 1673; x_wconf 84' lang='lat' dir='ltr'><strong>Proculus,</strong></span> 
     </span>
     <span class='ocr_line' id='line_1_12' title="bbox 980 1696 2491 1788; baseline -0.015 -11"><span class='ocrx_word' id='word_1_58' title='bbox 980 1725 1062 1776; x_wconf 72' lang='lat' dir='ltr'><strong>et</strong></span> <span class='ocrx_word' id='word_1_59' title='bbox 1122 1712 1200 1774; x_wconf 82' lang='lat' dir='ltr'><strong>P.</strong></span> <span class='ocrx_word' id='word_1_60' title='bbox 1241 1702 1595 1788; x_wconf 84' lang='lat' dir='ltr'><strong>Vipsanius</strong></span> <span class='ocrx_word' id='word_1_61' title='bbox 1650 1698 1946 1783; x_wconf 79' lang='lat' dir='ltr'><strong>Agrippa</strong></span> <span class='ocrx_word' id='word_1_62' title='bbox 2003 1696 2190 1760; x_wconf 82' lang='lat' dir='ltr'><strong>IIviri</strong></span> <span class='ocrx_word' id='word_1_63' title='bbox 2243 1717 2491 1762; x_wconf 88' lang='lat' dir='ltr'><strong>memo-</strong></span> 
     </span>
     <span class='ocr_line' id='line_1_13' title="bbox 994 1798 2487 1884; baseline -0.012 -6"><span class='ocrx_word' id='word_1_64' title='bbox 994 1824 1263 1884; x_wconf 79' lang='lat' dir='ltr'><strong>rentur,</strong></span> <span class='ocrx_word' id='word_1_65' title='bbox 1317 1823 1593 1868; x_wconf 85' lang='lat' dir='ltr'><strong>necesse</strong></span> <span class='ocrx_word' id='word_1_66' title='bbox 1639 1815 1774 1877; x_wconf 80' lang='lat' dir='ltr'><strong>est,</strong></span> <span class='ocrx_word' id='word_1_67' title='bbox 1819 1818 2052 1863; x_wconf 86' lang='lat' dir='ltr'><strong>numos</strong></span> <span class='ocrx_word' id='word_1_68' title='bbox 2100 1798 2487 1883; x_wconf 84' lang='lat' dir='ltr'><strong>inscriptos:</strong></span> 
     </span>
    </p>
   </div>
   <div class='ocr_carea' id='block_1_5' title="bbox 995 1897 2490 1979">
    <p class='ocr_par' dir='ltr' id='par_1_5' title="bbox 995 1897 2490 1979">
     <span class='ocr_line' id='line_1_14' title="bbox 995 1897 2490 1979; baseline -0.009 -3"><span class='ocrx_word' id='word_1_69' title='bbox 995 1913 1073 1979; x_wconf 83' lang='lat' dir='ltr'><strong>C.·</strong></span> <span class='ocrx_word' id='word_1_70' title='bbox 1110 1908 1478 1978; x_wconf 72' lang='lat' dir='ltr'><strong>CAESAR.</strong></span> <span class='ocrx_word' id='word_1_71' title='bbox 1512 1902 1993 1974; x_wconf 79' lang='lat' dir='ltr'><strong>AVGVSTVS</strong></span> <span class='ocrx_word' id='word_1_72' title='bbox 2039 1897 2280 1965; x_wconf 86' lang='lat' dir='ltr'><strong>eodem</strong></span> <span class='ocrx_word' id='word_1_73' title='bbox 2315 1913 2490 1965; x_wconf 71' lang='lat' dir='ltr'><strong>tem-</strong></span> 
     </span>
    </p>
   </div>
   <div class='ocr_carea' id='block_1_6' title="bbox 2234 485 2819 591">
    <p class='ocr_par' dir='ltr' id='par_1_6' title="bbox 2234 485 2819 591">
     <span class='ocr_line' id='line_1_15' title="bbox 2234 485 2819 591; baseline 0.002 -5"><span class='ocrx_word' id='word_1_74' title='bbox 2234 485 2819 591; x_wconf 65' lang='lat' dir='ltr'><strong>&#39;Tmssmvs</strong></span> 
     </span>
    </p>
   </div>
   <div class='ocr_carea' id='block_1_7' title="bbox 2589 679 4093 1965">
    <p class='ocr_par' dir='ltr' id='par_1_7' title="bbox 2589 679 4093 1781">
     <span class='ocr_line' id='line_1_16' title="bbox 2589 679 4077 768; baseline 0 -20"><span class='ocrx_word' id='word_1_75' title='bbox 2589 704 2757 768; x_wconf 87' lang='lat' dir='ltr'><strong>pore</strong></span> <span class='ocrx_word' id='word_1_76' title='bbox 2810 683 3135 768; x_wconf 84' lang='lat' dir='ltr'><strong>signatos,</strong></span> <span class='ocrx_word' id='word_1_77' title='bbox 3203 694 3395 766; x_wconf 88' lang='lat' dir='ltr'><strong>atque</strong></span> <span class='ocrx_word' id='word_1_78' title='bbox 3449 679 3617 745; x_wconf 89' lang='lat' dir='ltr'><strong>adeo</strong></span> <span class='ocrx_word' id='word_1_79' title='bbox 3671 698 3905 747; x_wconf 87' lang='lat' dir='ltr'><strong>numos</strong></span> <span class='ocrx_word' id='word_1_80' title='bbox 3953 685 4077 748; x_wconf 83' lang='lat' dir='ltr'><strong>ha&#39;c</strong></span> 
     </span>
     <span class='ocr_line' id='line_1_17' title="bbox 2589 771 4080 869; baseline 0.001 -22"><span class='ocrx_word' id='word_1_81' title='bbox 2589 785 3013 869; x_wconf 82' lang='lat' dir='ltr'><strong>inscriptione</strong></span> <span class='ocrx_word' id='word_1_82' title='bbox 3044 783 3333 866; x_wconf 81' lang='lat' dir='ltr'><strong>insignes</strong></span> <span class='ocrx_word' id='word_1_83' title='bbox 3365 804 3512 847; x_wconf 84' lang='lat' dir='ltr'><strong>esse</strong></span> <span class='ocrx_word' id='word_1_84' title='bbox 3542 784 3910 869; x_wconf 83' lang='lat' dir='ltr'><strong>Caligulae,</strong></span> <span class='ocrx_word' id='word_1_85' title='bbox 3947 771 4080 848; x_wconf 80' lang='lat' dir='ltr'><strong>non</strong></span> 
     </span>
     <span class='ocr_line' id='line_1_18' title="bbox 2590 884 4077 974; baseline 0.001 -26"><span class='ocrx_word' id='word_1_86' title='bbox 2590 887 2891 974; x_wconf 83' lang='lat' dir='ltr'><strong>Augusti.</strong></span> <span class='ocrx_word' id='word_1_87' title='bbox 2949 885 3427 967; x_wconf 65' lang='lat' dir='ltr'><strong>Coi-rigentium</strong></span> <span class='ocrx_word' id='word_1_88' title='bbox 3465 884 3669 969; x_wconf 82' lang='lat' dir='ltr'><strong>igitur</strong></span> <span class='ocrx_word' id='word_1_89' title='bbox 3704 899 3808 949; x_wconf 79' lang='lat' dir='ltr'><strong>est</strong></span> <span class='ocrx_word' id='word_1_90' title='bbox 3841 886 4077 949; x_wconf 84' lang='lat' dir='ltr'><strong>horum</strong></span> 
     </span>
     <span class='ocr_line' id='line_1_19' title="bbox 2591 985 4080 1074; baseline -0.001 -23"><span class='ocrx_word' id='word_1_91' title='bbox 2591 987 3139 1071; x_wconf 80' lang='lat' dir='ltr'><strong>antiquariorum,</strong></span> <span class='ocrx_word' id='word_1_92' title='bbox 3188 1007 3263 1049; x_wconf 88' lang='lat' dir='ltr'><strong>ac</strong></span> <span class='ocrx_word' id='word_1_93' title='bbox 3313 1007 3570 1074; x_wconf 79' lang='lat' dir='ltr'><strong>meum,</strong></span> <span class='ocrx_word' id='word_1_94' title='bbox 3614 988 3727 1071; x_wconf 87' lang='lat' dir='ltr'><strong>qui</strong></span> <span class='ocrx_word' id='word_1_95' title='bbox 3767 985 3891 1051; x_wconf 79' lang='lat' dir='ltr'><strong>hos</strong></span> <span class='ocrx_word' id='word_1_96' title='bbox 3943 1000 4080 1050; x_wconf 85' lang='lat' dir='ltr'><strong>tum</strong></span> 
     </span>
     <span class='ocr_line' id='line_1_20' title="bbox 2594 1077 4082 1172; baseline 0 -21"><span class='ocrx_word' id='word_1_97' title='bbox 2594 1102 2854 1151; x_wconf 87' lang='lat' dir='ltr'><strong>secutus</strong></span> <span class='ocrx_word' id='word_1_98' title='bbox 2889 1110 3065 1165; x_wconf 88' lang='lat' dir='ltr'><strong>sum,</strong></span> <span class='ocrx_word' id='word_1_99' title='bbox 3096 1087 3448 1172; x_wconf 85' lang='lat' dir='ltr'><strong>judicium,</strong></span> <span class='ocrx_word' id='word_1_100' title='bbox 3496 1077 3567 1150; x_wconf 76' lang='lat' dir='ltr'><strong>et</strong></span> <span class='ocrx_word' id='word_1_101' title='bbox 3608 1088 3791 1149; x_wconf 87' lang='lat' dir='ltr'><strong>numi</strong></span> <span class='ocrx_word' id='word_1_102' title='bbox 3833 1084 4082 1165; x_wconf 74' lang='lat' dir='ltr'><strong>omnes,</strong></span> 
     </span>
     <span class='ocr_line' id='line_1_21' title="bbox 2595 1189 4084 1277; baseline 0.001 -26"><span class='ocrx_word' id='word_1_103' title='bbox 2595 1191 2708 1277; x_wconf 81' lang='lat' dir='ltr'><strong>qui</strong></span> <span class='ocrx_word' id='word_1_104' title='bbox 2746 1189 3129 1274; x_wconf 84' lang='lat' dir='ltr'><strong>Vipsanium</strong></span> <span class='ocrx_word' id='word_1_105' title='bbox 3155 1190 3584 1274; x_wconf 52' lang='lat' dir='ltr'><strong>Agrippam.</strong></span> <span class='ocrx_word' id='word_1_106' title='bbox 3612 1203 3679 1252; x_wconf 90' lang='lat' dir='ltr'><strong>et</strong></span> <span class='ocrx_word' id='word_1_107' title='bbox 3722 1189 4084 1254; x_wconf 83' lang='lat' dir='ltr'><strong>Proculum</strong></span> 
     </span>
     <span class='ocr_line' id='line_1_22' title="bbox 2596 1275 4088 1375; baseline -0.001 -21"><span class='ocrx_word' id='word_1_108' title='bbox 2596 1279 2835 1355; x_wconf 66' lang='lat' dir='ltr'><strong>miros</strong></span> <span class='ocrx_word' id='word_1_109' title='bbox 2879 1292 3230 1368; x_wconf 68' lang='lat' dir='ltr'><strong>exhibent,</strong></span> <span class='ocrx_word' id='word_1_110' title='bbox 3281 1291 3613 1375; x_wconf 70' lang='lat' dir='ltr'><strong>caligulae</strong></span> <span class='ocrx_word' id='word_1_111' title='bbox 3662 1291 3855 1353; x_wconf 81' lang='lat' dir='ltr'><strong>aetati</strong></span> <span class='ocrx_word' id='word_1_112' title='bbox 3900 1275 4088 1354; x_wconf 60' lang='lat' dir='ltr'><strong>reiu-</strong></span> 
     </span>
     <span class='ocr_line' id='line_1_23' title="bbox 2596 1391 4088 1476; baseline 0 -21"><span class='ocrx_word' id='word_1_113' title='bbox 2596 1392 2842 1455; x_wconf 88' lang='lat' dir='ltr'><strong>tuendi.</strong></span> <span class='ocrx_word' id='word_1_114' title='bbox 2912 1394 3170 1458; x_wconf 86' lang='lat' dir='ltr'><strong>Novum</strong></span> <span class='ocrx_word' id='word_1_115' title='bbox 3225 1392 3427 1476; x_wconf 85' lang='lat' dir='ltr'><strong>igitur</strong></span> <span class='ocrx_word' id='word_1_116' title='bbox 3470 1405 3926 1474; x_wconf 77' lang='lat' dir='ltr'><strong>argumentum</strong></span> <span class='ocrx_word' id='word_1_117' title='bbox 3975 1391 4088 1456; x_wconf 85' lang='lat' dir='ltr'><strong>ha-</strong></span> 
     </span>
     <span class='ocr_line' id='line_1_24' title="bbox 2598 1487 4090 1579; baseline 0.001 -22"><span class='ocrx_word' id='word_1_118' title='bbox 2598 1487 2868 1570; x_wconf 83' lang='lat' dir='ltr'><strong>bemus,</strong></span> <span class='ocrx_word' id='word_1_119' title='bbox 2910 1516 3101 1579; x_wconf 86' lang='lat' dir='ltr'><strong>quam</strong></span> <span class='ocrx_word' id='word_1_120' title='bbox 3139 1515 3369 1579; x_wconf 87' lang='lat' dir='ltr'><strong>parum</strong></span> <span class='ocrx_word' id='word_1_121' title='bbox 3412 1492 3856 1556; x_wconf 81' lang='lat' dir='ltr'><strong>fidei-habere</strong></span> <span class='ocrx_word' id='word_1_122' title='bbox 3895 1492 4090 1558; x_wconf 78' lang='lat' dir='ltr'><strong>liceat</strong></span> 
     </span>
     <span class='ocr_line' id='line_1_25' title="bbox 2595 1579 4093 1681; baseline -0.001 -22"><span class='ocrx_word' id='word_1_123' title='bbox 2595 1595 3050 1673; x_wconf 82' lang='lat' dir='ltr'><strong>lineamentis,</strong></span> <span class='ocrx_word' id='word_1_124' title='bbox 3120 1616 3290 1681; x_wconf 61' lang='lat' dir='ltr'><strong>quae,</strong></span> <span class='ocrx_word' id='word_1_125' title='bbox 3347 1593 3636 1657; x_wconf 83' lang='lat' dir='ltr'><strong>offerunt</strong></span> <span class='ocrx_word' id='word_1_126' title='bbox 3685 1579 3867 1658; x_wconf 90' lang='lat' dir='ltr'><strong>numi</strong></span> <span class='ocrx_word' id='word_1_127' title='bbox 3918 1613 4093 1658; x_wconf 84' lang='lat' dir='ltr'><strong>com·</strong></span> 
     </span>
     <span class='ocr_line' id='line_1_26' title="bbox 2601 1696 3758 1781; baseline -0.003 -21"><span class='ocrx_word' id='word_1_128' title='bbox 2601 1698 2791 1761; x_wconf 79' lang='lat' dir='ltr'><strong>matis</strong></span> <span class='ocrx_word' id='word_1_129' title='bbox 2826 1696 3185 1781; x_wconf 84' lang='lat' dir='ltr'><strong>peregrini.</strong></span> <span class='ocrx_word' id='word_1_130' title='bbox 3748 1762 3758 1774; x_wconf 51' lang='grc'>,</span> 
     </span>
    </p>

    <p class='ocr_par' dir='ltr' id='par_1_8' title="bbox 2606 1796 4093 1965">
     <span class='ocr_line' id='line_1_27' title="bbox 2734 1796 4093 1880; baseline -0.005 -18"><span class='ocrx_word' id='word_1_131' title='bbox 2734 1800 3193 1862; x_wconf 72' lang='lat' dir='ltr'><strong>Alexandrini</strong></span> <span class='ocrx_word' id='word_1_132' title='bbox 3213 1797 3375 1860; x_wconf 87' lang='lat' dir='ltr'><strong>item</strong></span> <span class='ocrx_word' id='word_1_133' title='bbox 3405 1796 3526 1861; x_wconf 84' lang='lat' dir='ltr'><strong>sub</strong></span> <span class='ocrx_word' id='word_1_134' title='bbox 3554 1796 3826 1862; x_wconf 87' lang='lat' dir='ltr'><strong>Claudio</strong></span> <span class='ocrx_word' id='word_1_135' title='bbox 3858 1796 4093 1880; x_wconf 80' lang='lat' dir='ltr'><strong>signati</strong></span> 
     </span>
     <span class='ocr_line' id='line_1_28' title="bbox 2606 1911 2881 1965; baseline 0.004 -1"><span class='ocrx_word' id='word_1_136' title='bbox 2606 1911 2881 1965; x_wconf 70' lang='lat' dir='ltr'><strong>exstant.</strong></span> 
     </span>
    </p>
   </div>
   <div class='ocr_carea' id='block_1_8' title="bbox 4493 678 4505 1428">
    <p class='ocr_par' dir='ltr' id='par_1_9' title="bbox 4493 678 4505 1428">
     <span class='ocr_line' id='line_1_29' title="bbox 4493 678 4505 1428; baseline 0 0"><span class='ocrx_word' id='word_1_137' title='bbox 4493 678 4505 1428; x_wconf 95' lang='lat' dir='ltr'><strong> </strong></span> 
     </span>
    </p>
   </div>
   <div class='ocr_carea' id='block_1_9' title="bbox 2275 2116 2818 2181">
    <p class='ocr_par' dir='ltr' id='par_1_10' title="bbox 2275 2116 2818 2181">
     <span class='ocr_line' id='line_1_30' title="bbox 2275 2116 2818 2181; baseline -0.004 0"><span class='ocrx_word' id='word_1_138' title='bbox 2275 2116 2818 2181; x_wconf 76' lang='lat' dir='ltr'><strong>PRETIVM.</strong></span> 
     </span>
    </p>
   </div>
   <div class='ocr_carea' id='block_1_10' title="bbox 1394 2282 3707 2891">
    <p class='ocr_par' dir='ltr' id='par_1_11' title="bbox 1394 2282 3707 2891">
     <span class='ocr_line' id='line_1_31' title="bbox 1394 2282 3582 2369; baseline -0.005 -14"><span class='ocrx_word' id='word_1_139' title='bbox 1394 2289 1643 2366; x_wconf 75' lang='lat' dir='ltr'><strong>Aurei,</strong></span> <span class='ocrx_word' id='word_1_140' title='bbox 1686 2300 1757 2352; x_wconf 79' lang='lat' dir='ltr'><strong>et</strong></span> <span class='ocrx_word' id='word_1_141' title='bbox 1796 2282 2098 2369; x_wconf 77' lang='lat' dir='ltr'><strong>argentei</strong></span> <span class='ocrx_word' id='word_1_142' title='bbox 3044 2317 3078 2336; x_wconf 90' lang='lat'><strong>·</strong></span> <span class='ocrx_word' id='word_1_143' title='bbox 3435 2285 3582 2349; x_wconf 76' lang='lat' dir='ltr'><strong>BR.</strong></span> 
     </span>
     <span class='ocr_line' id='line_1_32' title="bbox 1395 2384 3524 2455; baseline -0.005 0"><span class='ocrx_word' id='word_1_144' title='bbox 1395 2390 1612 2455; x_wconf 75' lang='lat' dir='ltr'><strong>Aenei</strong></span> <span class='ocrx_word' id='word_1_145' title='bbox 1654 2392 1702 2451; x_wconf 91' lang='lat'><strong>1.</strong></span> <span class='ocrx_word' id='word_1_146' title='bbox 1747 2400 1818 2452; x_wconf 83' lang='lat' dir='ltr'><strong>et</strong></span> <span class='ocrx_word' id='word_1_147' title='bbox 1858 2390 1968 2452; x_wconf 90' lang='lat'><strong>111.</strong></span> <span class='ocrx_word' id='word_1_148' title='bbox 2006 2386 2297 2452; x_wconf 77' lang='lat' dir='ltr'><strong>formae·</strong></span> <span class='ocrx_word' id='word_1_149' title='bbox 3440 2384 3524 2446; x_wconf 87' lang='lat' dir='ltr'><strong>O.</strong></span> 
     </span>
     <span class='ocr_line' id='line_1_33' title="bbox 1396 2485 3513 2576; baseline -0.004 -22"><span class='ocrx_word' id='word_1_150' title='bbox 1396 2491 1614 2576; x_wconf 82' lang='lat' dir='ltr'><strong>Aenei</strong></span> <span class='ocrx_word' id='word_1_151' title='bbox 1655 2492 1737 2554; x_wconf 86' lang='lat'><strong>11.</strong></span> <span class='ocrx_word' id='word_1_152' title='bbox 1780 2488 2034 2553; x_wconf 77' lang='lat' dir='ltr'><strong>formae</strong></span> <span class='ocrx_word' id='word_1_153' title='bbox 2085 2520 2112 2537; x_wconf 90' lang='lat'><em>-</em></span> <span class='ocrx_word' id='word_1_154' title='bbox 3440 2485 3513 2546; x_wconf 91' lang='lat' dir='ltr'><strong>C.</strong></span> 
     </span>
     <span class='ocr_line' id='line_1_34' title="bbox 1396 2588 3650 2655; baseline -0.001 -2"><span class='ocrx_word' id='word_1_155' title='bbox 1396 2591 1599 2654; x_wconf 87' lang='lat' dir='ltr'><strong>Numi</strong></span> <span class='ocrx_word' id='word_1_156' title='bbox 1642 2589 1883 2655; x_wconf 86' lang='lat' dir='ltr'><strong>Graeci</strong></span> <span class='ocrx_word' id='word_1_157' title='bbox 3443 2588 3650 2650; x_wconf 79' lang='lat' dir='ltr'><strong>RRR.</strong></span> 
     </span>
     <span class='ocr_line' id='line_1_35' title="bbox 1397 2688 3706 2758; baseline -0.005 0"><span class='ocrx_word' id='word_1_158' title='bbox 1397 2690 1819 2758; x_wconf 81' lang='lat' dir='ltr'><strong>Coloniarum</strong></span> <span class='ocrx_word' id='word_1_159' title='bbox 1887 2724 1914 2742; x_wconf 69' lang='grc' dir='ltr'><strong>ο</strong></span> <span class='ocrx_word' id='word_1_160' title='bbox 2082 2719 2131 2746; x_wconf 69' lang='lat'><strong>·⁴</strong></span> <span class='ocrx_word' id='word_1_161' title='bbox 3428 2688 3706 2753; x_wconf 77' lang='lat' dir='ltr'><strong>RRRR.</strong></span> 
     </span>
     <span class='ocr_line' id='line_1_36' title="bbox 1396 2788 3707 2891; baseline -0.003 -33"><span class='ocrx_word' id='word_1_162' title='bbox 1396 2789 1831 2870; x_wconf 74' lang='lat' dir='ltr'><strong>Alexandrini</strong></span> <span class='ocrx_word' id='word_1_163' title='bbox 1893 2824 1922 2842; x_wconf 90' lang='lat'><strong>·</strong></span> <span class='ocrx_word' id='word_1_164' title='bbox 2086 2823 2120 2840; x_wconf 87' lang='lat'><strong>·</strong></span> <span class='ocrx_word' id='word_1_165' title='bbox 3448 2788 3707 2891; x_wconf 47' lang='lat' dir='ltr'><strong>RBE..</strong></span> 
     </span>
    </p>
   </div>
   <div class='ocr_carea' id='block_1_11' title="bbox 1867 3155 3112 3272">
    <p class='ocr_par' dir='ltr' id='par_1_12' title="bbox 1867 3155 3112 3272">
     <span class='ocr_line' id='line_1_37' title="bbox 1867 3155 3112 3272; baseline 0.002 -9"><span class='ocrx_word' id='word_1_166' title='bbox 1867 3173 1881 3186; x_wconf 83' lang='lat'><strong><em>&#39;</em></strong></span> <span class='ocrx_word' id='word_1_167' title='bbox 2015 3155 2655 3269; x_wconf 64' lang='lat' dir='ltr'><strong><em>TIBERJ&#39;VS</em></strong></span> <span class='ocrx_word' id='word_1_168' title='bbox 2742 3202 2998 3272; x_wconf 71' lang='lat' dir='ltr'><strong>NER</strong></span> <span class='ocrx_word' id='word_1_169' title='bbox 3035 3208 3112 3272; x_wconf 91' lang='lat'><strong>0.</strong></span> 
     </span>
    </p>
   </div>
   <div class='ocr_carea' id='block_1_12' title="bbox 1016 3368 2520 4475">
    <p class='ocr_par' dir='ltr' id='par_1_13' title="bbox 1016 3368 2520 4475">
     <span class='ocr_line' id='line_1_38' title="bbox 1030 3368 2506 3454; baseline -0.003 -15"><span class='ocrx_word' id='word_1_170' title='bbox 1030 3413 1047 3418; x_wconf 90' lang='lat'>-</span> <span class='ocrx_word' id='word_1_171' title='bbox 1140 3376 1245 3441; x_wconf 83' lang='lat' dir='ltr'><strong>Ti.</strong></span> <span class='ocrx_word' id='word_1_172' title='bbox 1286 3370 1596 3440; x_wconf 85' lang='lat' dir='ltr'><strong>Claudius</strong></span> <span class='ocrx_word' id='word_1_173' title='bbox 1635 3368 1822 3433; x_wconf 75' lang='lat' dir='ltr'><strong>Nero</strong></span> <span class='ocrx_word' id='word_1_174' title='bbox 1864 3380 2051 3432; x_wconf 86' lang='lat' dir='ltr'><strong>natus</strong></span> <span class='ocrx_word' id='word_1_175' title='bbox 2102 3388 2187 3433; x_wconf 82' lang='lat' dir='ltr'><strong>ex</strong></span> <span class='ocrx_word' id='word_1_176' title='bbox 2230 3369 2506 3454; x_wconf 81' lang='lat' dir='ltr'><strong>patricia</strong></span> 
     </span>
     <span class='ocr_line' id='line_1_39' title="bbox 1016 3471 2504 3555; baseline -0.005 -10"><span class='ocrx_word' id='word_1_177' title='bbox 1016 3479 1438 3545; x_wconf 85' lang='lat' dir='ltr'><strong>Claudiorum</strong></span> <span class='ocrx_word' id='word_1_178' title='bbox 1495 3471 1743 3540; x_wconf 80' lang='lat' dir='ltr'><strong>familia</strong></span> <span class='ocrx_word' id='word_1_179' title='bbox 1798 3490 1952 3535; x_wconf 84' lang='lat' dir='ltr'><strong>eum</strong></span> <span class='ocrx_word' id='word_1_180' title='bbox 2011 3490 2095 3534; x_wconf 83' lang='lat' dir='ltr'><strong>ex</strong></span> <span class='ocrx_word' id='word_1_181' title='bbox 2151 3484 2338 3555; x_wconf 84' lang='lat' dir='ltr'><strong>patre</strong></span> <span class='ocrx_word' id='word_1_182' title='bbox 2399 3471 2504 3538; x_wconf 81' lang='lat' dir='ltr'><strong>Ti.</strong></span> 
     </span>
     <span class='ocr_line' id='line_1_40' title="bbox 1017 3572 2514 3652; baseline -0.004 -9"><span class='ocrx_word' id='word_1_183' title='bbox 1017 3579 1293 3643; x_wconf 86' lang='lat' dir='ltr'><strong>Claudio</strong></span> <span class='ocrx_word' id='word_1_184' title='bbox 1349 3580 1662 3652; x_wconf 88' lang='lat' dir='ltr'><strong>Nerone,</strong></span> <span class='ocrx_word' id='word_1_185' title='bbox 1721 3584 1861 3636; x_wconf 85' lang='lat' dir='ltr'><strong>tum</strong></span> <span class='ocrx_word' id='word_1_186' title='bbox 1922 3591 2007 3635; x_wconf 80' lang='lat' dir='ltr'><strong>ex</strong></span> <span class='ocrx_word' id='word_1_187' title='bbox 2064 3585 2274 3635; x_wconf 87' lang='lat' dir='ltr'><strong>matre</strong></span> <span class='ocrx_word' id='word_1_188' title='bbox 2327 3572 2514 3638; x_wconf 77' lang='lat' dir='ltr'><strong>Livia</strong></span> 
     </span>
     <span class='ocr_line' id='line_1_41' title="bbox 1016 3673 2516 3762; baseline -0.004 -17"><span class='ocrx_word' id='word_1_189' title='bbox 1016 3676 1354 3758; x_wconf 75' lang='lat' dir='ltr'><strong>Drusilla,</strong></span> <span class='ocrx_word' id='word_1_190' title='bbox 1417 3677 1601 3762; x_wconf 75' lang='lat' dir='ltr'><strong>cujus</strong></span> <span class='ocrx_word' id='word_1_191' title='bbox 1656 3693 1820 3760; x_wconf 83' lang='lat' dir='ltr'><strong>gens</strong></span> <span class='ocrx_word' id='word_1_192' title='bbox 1875 3673 2185 3737; x_wconf 89' lang='lat' dir='ltr'><strong>naturalis</strong></span> <span class='ocrx_word' id='word_1_193' title='bbox 2238 3673 2516 3740; x_wconf 79' lang='lat' dir='ltr'><strong>Claudia</strong></span> 
     </span>
     <span class='ocr_line' id='line_1_42' title="bbox 1026 3773 2520 3866; baseline -0.003 -21"><span class='ocrx_word' id='word_1_194' title='bbox 1026 3785 1186 3847; x_wconf 87' lang='lat' dir='ltr'><strong>item</strong></span> <span class='ocrx_word' id='word_1_195' title='bbox 1242 3780 1401 3858; x_wconf 82' lang='lat' dir='ltr'><strong>fuit,</strong></span> <span class='ocrx_word' id='word_1_196' title='bbox 1459 3798 1691 3845; x_wconf 75' lang='lat' dir='ltr'><strong>verum</strong></span> <span class='ocrx_word' id='word_1_197' title='bbox 1744 3773 1888 3857; x_wconf 87' lang='lat' dir='ltr'><strong>ejus</strong></span> <span class='ocrx_word' id='word_1_198' title='bbox 1941 3785 2128 3857; x_wconf 84' lang='lat' dir='ltr'><strong>patre</strong></span> <span class='ocrx_word' id='word_1_199' title='bbox 2183 3774 2270 3866; x_wconf 43' lang='grc' dir='ltr'><strong>ἰιιθ</strong></span> <span class='ocrx_word' id='word_1_200' title='bbox 2295 3775 2520 3841; x_wconf 78' lang='lat' dir='ltr'><strong>Livio·</strong></span> 
     </span>
     <span class='ocr_line' id='line_1_43' title="bbox 1022 3874 2518 3964; baseline -0.007 -15"><span class='ocrx_word' id='word_1_201' title='bbox 1022 3906 1174 3948; x_wconf 86' lang='lat' dir='ltr'><strong>rum</strong></span> <span class='ocrx_word' id='word_1_202' title='bbox 1213 3881 1527 3948; x_wconf 81' lang='lat' dir='ltr'><strong>familiam</strong></span> <span class='ocrx_word' id='word_1_203' title='bbox 1569 3877 1873 3962; x_wconf 83' lang='lat' dir='ltr'><strong>adoptato</strong></span> <span class='ocrx_word' id='word_1_204' title='bbox 1916 3874 2070 3939; x_wconf 87' lang='lat' dir='ltr'><strong>huic</strong></span> <span class='ocrx_word' id='word_1_205' title='bbox 2104 3896 2188 3941; x_wconf 79' lang='lat' dir='ltr'><strong>ex</strong></span> <span class='ocrx_word' id='word_1_206' title='bbox 2222 3879 2518 3964; x_wconf 82' lang='lat' dir='ltr'><strong>adoptio-</strong></span> 
     </span>
     <span class='ocr_line' id='line_1_44' title="bbox 1021 3974 2519 4069; baseline -0.005 -17"><span class='ocrx_word' id='word_1_207' title='bbox 1021 3987 1123 4052; x_wconf 89' lang='lat' dir='ltr'><strong>nis</strong></span> <span class='ocrx_word' id='word_1_208' title='bbox 1164 3986 1320 4069; x_wconf 88' lang='lat' dir='ltr'><strong>lege</strong></span> <span class='ocrx_word' id='word_1_209' title='bbox 1363 3981 1785 4046; x_wconf 81' lang='lat' dir='ltr'><strong>adnumerata</strong></span> <span class='ocrx_word' id='word_1_210' title='bbox 1825 3974 1951 4039; x_wconf 81' lang='lat' dir='ltr'><strong>fuit</strong></span> <span class='ocrx_word' id='word_1_211' title='bbox 1994 3978 2077 4060; x_wconf 78' lang='lat'><strong>⁸).</strong></span> <span class='ocrx_word' id='word_1_212' title='bbox 2151 3975 2356 4044; x_wconf 73' lang='lat' dir='ltr'><strong>Natus</strong></span> <span class='ocrx_word' id='word_1_213' title='bbox 2415 3995 2519 4045; x_wconf 88' lang='lat' dir='ltr'><strong>est</strong></span> 
     </span>
     <span class='ocr_line' id='line_1_45' title="bbox 1027 4078 2519 4168; baseline -0.004 -14"><span class='ocrx_word' id='word_1_214' title='bbox 1027 4087 1315 4153; x_wconf 85' lang='lat' dir='ltr'><strong>Aemilio</strong></span> <span class='ocrx_word' id='word_1_215' title='bbox 1387 4082 1685 4168; x_wconf 68' lang='lat' dir='ltr'><strong>Lepido,</strong></span> <span class='ocrx_word' id='word_1_216' title='bbox 1762 4090 1833 4143; x_wconf 86' lang='lat' dir='ltr'><strong>et</strong></span> <span class='ocrx_word' id='word_1_217' title='bbox 1900 4078 2196 4146; x_wconf 82' lang='lat' dir='ltr'><strong>Munatio</strong></span> <span class='ocrx_word' id='word_1_218' title='bbox 2269 4082 2519 4148; x_wconf 83' lang='lat' dir='ltr'><strong>Planco</strong></span> 
     </span>
     <span class='ocr_line' id='line_1_46' title="bbox 1026 4181 2516 4272; baseline -0.005 -15"><span class='ocrx_word' id='word_1_219' title='bbox 1026 4212 1161 4257; x_wconf 82' lang='lat' dir='ltr'><strong>cos.</strong></span> <span class='ocrx_word' id='word_1_220' title='bbox 1201 4181 1301 4260; x_wconf 57' lang='lat' dir='ltr'><strong>V.</strong></span> <span class='ocrx_word' id='word_1_221' title='bbox 1335 4187 1409 4252; x_wconf 91' lang='lat' dir='ltr'><strong>C.</strong></span> <span class='ocrx_word' id='word_1_222' title='bbox 1461 4202 1627 4269; x_wconf 74' lang='lat'>712,</span> <span class='ocrx_word' id='word_1_223' title='bbox 1685 4194 1761 4249; x_wconf 83' lang='lat' dir='ltr'><strong>ut</strong></span> <span class='ocrx_word' id='word_1_224' title='bbox 1806 4203 1897 4250; x_wconf 81' lang='lat' dir='ltr'><strong>ex</strong></span> <span class='ocrx_word' id='word_1_225' title='bbox 1948 4183 2147 4263; x_wconf 80' lang='lat' dir='ltr'><strong>actis,</strong></span> <span class='ocrx_word' id='word_1_226' title='bbox 2202 4183 2516 4272; x_wconf 81' lang='lat' dir='ltr'><strong>fastisque</strong></span> 
     </span>
     <span class='ocr_line' id='line_1_47' title="bbox 1030 4284 2518 4376; baseline -0.003 -21"><span class='ocrx_word' id='word_1_227' title='bbox 1030 4289 1305 4376; x_wconf 82' lang='lat' dir='ltr'><strong>collegit</strong></span> <span class='ocrx_word' id='word_1_228' title='bbox 1346 4286 1698 4358; x_wconf 80' lang='lat' dir='ltr'><strong>Suetonius</strong></span> <span class='ocrx_word' id='word_1_229' title='bbox 1740 4284 1853 4369; x_wconf 56' lang='grc' dir='ltr'><strong>β),</strong></span> <span class='ocrx_word' id='word_1_230' title='bbox 1911 4299 1981 4356; x_wconf 84' lang='lat' dir='ltr'><strong>et</strong></span> <span class='ocrx_word' id='word_1_231' title='bbox 2039 4285 2379 4373; x_wconf 86' lang='lat' dir='ltr'><strong>colligitur</strong></span> <span class='ocrx_word' id='word_1_232' title='bbox 2433 4291 2518 4353; x_wconf 80' lang='lat' dir='ltr'><strong>e&#39;x</strong></span> 
     </span>
     <span class='ocr_line' id='line_1_48' title="bbox 1030 4387 2518 4475; baseline 0.002 -22"><span class='ocrx_word' id='word_1_233' title='bbox 1030 4392 1295 4467; x_wconf 78' lang='lat' dir='ltr'><strong>Tacito,</strong></span> <span class='ocrx_word' id='word_1_234' title='bbox 1368 4390 1481 4475; x_wconf 78' lang='lat' dir='ltr'><strong>q‘ui</strong></span> <span class='ocrx_word' id='word_1_235' title='bbox 1537 4410 1691 4455; x_wconf 87' lang='lat' dir='ltr'><strong>eum</strong></span> <span class='ocrx_word' id='word_1_236' title='bbox 1742 4389 1830 4458; x_wconf 76' lang='lat' dir='ltr'><strong>V.</strong></span> <span class='ocrx_word' id='word_1_237' title='bbox 1872 4387 1947 4455; x_wconf 82' lang='lat' dir='ltr'><strong>C·</strong></span> <span class='ocrx_word' id='word_1_238' title='bbox 2000 4409 2129 4475; x_wconf 77' lang='lat'><strong>79⁰</strong></span> <span class='ocrx_word' id='word_1_239' title='bbox 2187 4389 2518 4456; x_wconf 83' lang='lat' dir='ltr'><strong>mortuum</strong></span> 
     </span>
    </p>
   </div>
   <div class='ocr_carea' id='block_1_13' title="bbox 1041 4659 2265 4827">
    <p class='ocr_par' dir='ltr' id='par_1_14' title="bbox 1041 4659 2265 4827">
     <span class='ocr_line' id='line_1_49' title="bbox 1109 4659 2265 4737; baseline -0.003 -16"><span class='ocrx_word' id='word_1_240' title='bbox 1109 4666 1175 4737; x_wconf 75' lang='lat' dir='ltr'><strong>a)</strong></span> <span class='ocrx_word' id='word_1_241' title='bbox 1210 4662 1376 4722; x_wconf 84' lang='lat' dir='ltr'><strong>Suet.</strong></span> <span class='ocrx_word' id='word_1_242' title='bbox 1400 4660 1536 4720; x_wconf 80' lang='lat' dir='ltr'><strong>Tib.</strong></span> <span class='ocrx_word' id='word_1_243' title='bbox 1564 4672 1690 4729; x_wconf 81' lang='lat' dir='ltr'><strong>c.3.</strong></span> <span class='ocrx_word' id='word_1_244' title='bbox 1724 4659 1915 4720; x_wconf 78' lang='lat' dir='ltr'><strong>Tacit.</strong></span> <span class='ocrx_word' id='word_1_245' title='bbox 1939 4659 2096 4721; x_wconf 76' lang='lat' dir='ltr'><strong>Anu.</strong></span> <span class='ocrx_word' id='word_1_246' title='bbox 2113 4661 2187 4727; x_wconf 78' lang='lat' dir='ltr'><strong>V.</strong></span> <span class='ocrx_word' id='word_1_247' title='bbox 2214 4677 2265 4726; x_wconf 78' lang='grc' dir='ltr'><strong>ι.</strong></span> 
     </span>
     <span class='ocr_line' id='line_1_50' title="bbox 1041 4747 2237 4827; baseline -0.015 -9"><span class='ocrx_word' id='word_1_248' title='bbox 1041 4757 1103 4827; x_wconf 75' lang='lat' dir='ltr'><strong>e)</strong></span> <span class='ocrx_word' id='word_1_249' title='bbox 1140 4753 1304 4815; x_wconf 82' lang='lat' dir='ltr'><strong>Suet.</strong></span> <span class='ocrx_word' id='word_1_250' title='bbox 1331 4750 1372 4810; x_wconf 92' lang='lat' dir='ltr'><strong>l.</strong></span> <span class='ocrx_word' id='word_1_251' title='bbox 1397 4769 1453 4811; x_wconf 66' lang='lat' dir='ltr'><strong>e.</strong></span> <span class='ocrx_word' id='word_1_252' title='bbox 1486 4751 1609 4814; x_wconf 84' lang='lat' dir='ltr'><strong>Dio</strong></span> <span class='ocrx_word' id='word_1_253' title='bbox 1636 4751 1702 4812; x_wconf 74' lang='lat'><strong>1..</strong></span> <span class='ocrx_word' id='word_1_254' title='bbox 1719 4747 1904 4819; x_wconf 73' lang='lat' dir='ltr'><strong>LVII.</strong></span> <span class='ocrx_word' id='word_1_255' title='bbox 1929 4753 1985 4825; x_wconf 83' lang='lat'><strong>§.</strong></span> <span class='ocrx_word' id='word_1_256' title='bbox 2006 4755 2119 4819; x_wconf 69' lang='lat'><strong>102·</strong></span> <span class='ocrx_word' id='word_1_257' title='bbox 2228 4755 2237 4786; x_wconf 73' lang='lat'>1</span> 
     </span>
    </p>
   </div>
   <div class='ocr_carea' id='block_1_14' title="bbox 2412 4662 2758 4742">
    <p class='ocr_par' dir='ltr' id='par_1_15' title="bbox 2412 4662 2758 4742">
     <span class='ocr_line' id='line_1_51' title="bbox 2412 4662 2758 4742; baseline -0.043 -3"><span class='ocrx_word' id='word_1_258' title='bbox 2412 4662 2489 4738; x_wconf 75' lang='grc' dir='ltr'><strong>Ι))</strong></span> <span class='ocrx_word' id='word_1_259' title='bbox 2527 4662 2677 4742; x_wconf 77' lang='lat' dir='ltr'><strong>Cap.</strong></span> <span class='ocrx_word' id='word_1_260' title='bbox 2708 4676 2758 4730; x_wconf 84' lang='lat'><strong>5.</strong></span> 
     </span>
    </p>
   </div>
   <div class='ocr_carea' id='block_1_15' title="bbox 2619 3368 4138 4478">
    <p class='ocr_par' dir='ltr' id='par_1_16' title="bbox 2619 3368 4138 4478">
     <span class='ocr_line' id='line_1_52' title="bbox 2621 3368 4120 3458; baseline -0.002 -25"><span class='ocrx_word' id='word_1_261' title='bbox 2621 3382 2958 3450; x_wconf 80' lang='lat' dir='ltr'><strong>octavum,</strong></span> <span class='ocrx_word' id='word_1_262' title='bbox 3026 3385 3095 3436; x_wconf 86' lang='lat' dir='ltr'><strong>et</strong></span> <span class='ocrx_word' id='word_1_263' title='bbox 3137 3370 3690 3458; x_wconf 87' lang='lat' dir='ltr'><strong>septuagesimum</strong></span> <span class='ocrx_word' id='word_1_264' title='bbox 3734 3368 3960 3435; x_wconf 81' lang='lat' dir='ltr'><strong>aetatis</strong></span> <span class='ocrx_word' id='word_1_265' title='bbox 4005 3371 4120 3434; x_wconf 77' lang='lat' dir='ltr'><strong>an·</strong></span> 
     </span>
     <span class='ocr_line' id='line_1_53' title="bbox 2619 3470 4118 3558; baseline -0.001 -24"><span class='ocrx_word' id='word_1_266' title='bbox 2619 3495 2778 3536; x_wconf 84' lang='lat' dir='ltr'><strong>num</strong></span> <span class='ocrx_word' id='word_1_267' title='bbox 2816 3474 3034 3558; x_wconf 87' lang='lat' dir='ltr'><strong>egisse</strong></span> <span class='ocrx_word' id='word_1_268' title='bbox 3071 3473 3266 3538; x_wconf 83' lang='lat' dir='ltr'><strong>tradit</strong></span> <span class='ocrx_word' id='word_1_269' title='bbox 3299 3477 3396 3558; x_wconf 67' lang='grc' dir='ltr'><strong>ο),</strong></span> <span class='ocrx_word' id='word_1_270' title='bbox 3447 3489 3517 3538; x_wconf 86' lang='lat' dir='ltr'><strong>et</strong></span> <span class='ocrx_word' id='word_1_271' title='bbox 3553 3474 3771 3537; x_wconf 87' lang='lat' dir='ltr'><strong>Dione</strong></span> <span class='ocrx_word' id='word_1_272' title='bbox 3804 3471 3890 3555; x_wconf 77' lang='lat' dir='ltr'><strong>d).</strong></span> <span class='ocrx_word' id='word_1_273' title='bbox 3947 3470 4118 3535; x_wconf 82' lang='lat' dir='ltr'><strong>Dies</strong></span> 
     </span>
     <span class='ocr_line' id='line_1_54' title="bbox 2625 3571 4124 3656; baseline -0.002 -19"><span class='ocrx_word' id='word_1_274' title='bbox 2625 3575 2976 3641; x_wconf 84' lang='lat' dir='ltr'><strong>nativitatis</strong></span> <span class='ocrx_word' id='word_1_275' title='bbox 3032 3575 3156 3639; x_wconf 77' lang='lat' dir='ltr'><strong>suit</strong></span> <span class='ocrx_word' id='word_1_276' title='bbox 3213 3577 3387 3645; x_wconf 80' lang='lat' dir='ltr'><strong>XVI.</strong></span> <span class='ocrx_word' id='word_1_277' title='bbox 3433 3574 3826 3643; x_wconf 83' lang='lat' dir='ltr'><strong>Novembris</strong></span> <span class='ocrx_word' id='word_1_278' title='bbox 3869 3577 3958 3656; x_wconf 60' lang='grc' dir='ltr'><strong>θ).</strong></span> <span class='ocrx_word' id='word_1_279' title='bbox 4021 3571 4124 3635; x_wconf 79' lang='lat' dir='ltr'><strong>In&#39;-</strong></span> 
     </span>
     <span class='ocr_line' id='line_1_55' title="bbox 2626 3674 4123 3765; baseline -0.001 -25"><span class='ocrx_word' id='word_1_280' title='bbox 2626 3674 2894 3741; x_wconf 80' lang='lat' dir='ltr'><strong>fantiam</strong></span> <span class='ocrx_word' id='word_1_281' title='bbox 3003 3677 3227 3750; x_wconf 77' lang='lat' dir='ltr'><strong>habuit</strong></span> <span class='ocrx_word' id='word_1_282' title='bbox 3342 3678 3636 3765; x_wconf 81' lang='lat' dir='ltr'><strong>graviter</strong></span> <span class='ocrx_word' id='word_1_283' title='bbox 3706 3676 4123 3742; x_wconf 68' lang='lat' dir='ltr'><strong>&#39;exon-citam.</strong></span> 
     </span>
     <span class='ocr_line' id='line_1_56' title="bbox 2629 3778 4125 3870; baseline -0.001 -29"><span class='ocrx_word' id='word_1_284' title='bbox 2629 3778 2796 3842; x_wconf 87' lang='lat' dir='ltr'><strong>Nam</strong></span> <span class='ocrx_word' id='word_1_285' title='bbox 2833 3799 2984 3843; x_wconf 89' lang='lat' dir='ltr'><strong>cum</strong></span> <span class='ocrx_word' id='word_1_286' title='bbox 3019 3801 3092 3845; x_wconf 89' lang='lat' dir='ltr'><strong>se</strong></span> <span class='ocrx_word' id='word_1_287' title='bbox 3132 3795 3322 3864; x_wconf 27' lang='lat' dir='ltr'><strong>pater·</strong></span> <span class='ocrx_word' id='word_1_288' title='bbox 3349 3782 3431 3848; x_wconf 86' lang='lat' dir='ltr'><strong>L.</strong></span> <span class='ocrx_word' id='word_1_289' title='bbox 3459 3779 3749 3846; x_wconf 82' lang='lat' dir='ltr'><strong>Antonio</strong></span> <span class='ocrx_word' id='word_1_290' title='bbox 3781 3778 4125 3870; x_wconf 64' lang='lat' dir='ltr'><strong>applicuis-</strong></span> 
     </span>
     <span class='ocr_line' id='line_1_57' title="bbox 2630 3880 4127 3968; baseline 0 -24"><span class='ocrx_word' id='word_1_291' title='bbox 2630 3894 2767 3959; x_wconf 87' lang='lat' dir='ltr'><strong>set,</strong></span> <span class='ocrx_word' id='word_1_292' title='bbox 2830 3895 3024 3966; x_wconf 86' lang='lat' dir='ltr'><strong>atque</strong></span> <span class='ocrx_word' id='word_1_293' title='bbox 3086 3883 3280 3968; x_wconf 83' lang='lat' dir='ltr'><strong>hujus</strong></span> <span class='ocrx_word' id='word_1_294' title='bbox 3342 3882 3551 3946; x_wconf 87' lang='lat' dir='ltr'><strong>turbis</strong></span> <span class='ocrx_word' id='word_1_295' title='bbox 3606 3895 3795 3968; x_wconf 86' lang='lat' dir='ltr'><strong>capta</strong></span> <span class='ocrx_word' id='word_1_296' title='bbox 3849 3880 4127 3944; x_wconf 86' lang='lat' dir='ltr'><strong>Perusia</strong></span> 
     </span>
     <span class='ocr_line' id='line_1_58' title="bbox 2632 3979 4131 4071; baseline -0.002 -26"><span class='ocrx_word' id='word_1_297' title='bbox 2632 3979 2778 4046; x_wconf 68' lang='lat' dir='ltr'><strong>{inis</strong></span> <span class='ocrx_word' id='word_1_298' title='bbox 2837 3997 3015 4048; x_wconf 86' lang='lat' dir='ltr'><strong>esset</strong></span> <span class='ocrx_word' id='word_1_299' title='bbox 3067 3984 3411 4071; x_wconf 85' lang='lat' dir='ltr'><strong>impositus</strong></span> <span class='ocrx_word' id='word_1_300' title='bbox 3474 3988 3556 4052; x_wconf 83' lang='lat' dir='ltr'><strong>V.</strong></span> <span class='ocrx_word' id='word_1_301' title='bbox 3603 3986 3678 4049; x_wconf 89' lang='lat' dir='ltr'><strong>C.</strong></span> <span class='ocrx_word' id='word_1_302' title='bbox 3734 3982 3895 4067; x_wconf 83' lang='lat'>713,</span> <span class='ocrx_word' id='word_1_303' title='bbox 3973 3980 4131 4044; x_wconf 90' lang='lat' dir='ltr'><strong>reli-</strong></span> 
     </span>
     <span class='ocr_line' id='line_1_59' title="bbox 2633 4084 4138 4170; baseline -0.001 -23"><span class='ocrx_word' id='word_1_304' title='bbox 2633 4085 2777 4170; x_wconf 82' lang='lat' dir='ltr'><strong>quis</strong></span> <span class='ocrx_word' id='word_1_305' title='bbox 2832 4087 2872 4150; x_wconf 78' lang='lat' dir='ltr'><strong>a&#39;</strong></span> <span class='ocrx_word' id='word_1_306' title='bbox 2924 4084 3209 4152; x_wconf 81' lang='lat' dir='ltr'><strong>factione</strong></span> <span class='ocrx_word' id='word_1_307' title='bbox 3261 4086 3750 4151; x_wconf 78' lang='lat' dir='ltr'><strong>discedentibus</strong></span> <span class='ocrx_word' id='word_1_308' title='bbox 3806 4084 4138 4170; x_wconf 79' lang='lat' dir='ltr'><strong>dissidere</strong></span> 
     </span>
     <span class='ocr_line' id='line_1_60' title="bbox 2631 4186 4125 4276; baseline 0.003 -27"><span class='ocrx_word' id='word_1_309' title='bbox 2631 4186 2776 4273; x_wconf 89' lang='lat' dir='ltr'><strong>ipse</strong></span> <span class='ocrx_word' id='word_1_310' title='bbox 2825 4187 2907 4253; x_wconf 85' lang='lat' dir='ltr'><strong>ab</strong></span> <span class='ocrx_word' id='word_1_311' title='bbox 2952 4187 3314 4264; x_wconf 80' lang='lat' dir='ltr'><strong>Octaviano</strong></span> <span class='ocrx_word' id='word_1_312' title='bbox 3361 4187 3691 4272; x_wconf 81' lang='lat' dir='ltr'><strong>perrexit,</strong></span> <span class='ocrx_word' id='word_1_313' title='bbox 3740 4188 4125 4276; x_wconf 84' lang='lat' dir='ltr'><strong>bellumque</strong></span> 
     </span>
     <span class='ocr_line' id='line_1_61' title="bbox 2627 4287 4128 4382; baseline 0.001 -30"><span class='ocrx_word' id='word_1_314' title='bbox 2627 4291 2877 4355; x_wconf 80' lang='lat' dir='ltr'><strong>&#39;novum</strong></span> <span class='ocrx_word' id='word_1_315' title='bbox 2953 4290 3023 4352; x_wconf 89' lang='lat' dir='ltr'><strong>in</strong></span> <span class='ocrx_word' id='word_1_316' title='bbox 3079 4289 3454 4382; x_wconf 30' lang='lat' dir='ltr'><strong>&#39;Campania&#39;</strong></span> <span class='ocrx_word' id='word_1_317' title='bbox 3543 4287 3874 4357; x_wconf 84' lang='lat' dir='ltr'><strong>conflavit.</strong></span> <span class='ocrx_word' id='word_1_318' title='bbox 3943 4289 4128 4356; x_wconf 78' lang='lat' dir='ltr'><strong>&#39;Sed</strong></span> 
     </span>
     <span class='ocr_line' id='line_1_62' title="bbox 2632 4385 4132 4478; baseline 0.001 -24"><span class='ocrx_word' id='word_1_319' title='bbox 2632 4390 2801 4456; x_wconf 88' lang='lat' dir='ltr'><strong>hanc</strong></span> <span class='ocrx_word' id='word_1_320' title='bbox 2829 4395 3121 4477; x_wconf 59' lang='lat' dir='ltr'><strong>quoque</strong></span> <span class='ocrx_word' id='word_1_321' title='bbox 3177 4392 3541 4478; x_wconf 87' lang='lat' dir='ltr'><strong>procellam</strong></span> <span class='ocrx_word' id='word_1_322' title='bbox 3600 4392 3941 4458; x_wconf 68' lang='lat' dir='ltr'><strong>Octai’iani</strong></span> <span class='ocrx_word' id='word_1_323' title='bbox 3993 4385 4132 4456; x_wconf 80' lang='lat' dir='ltr'><strong>for·</strong></span> 
     </span>
    </p>
   </div>
   <div class='ocr_carea' id='block_1_16' title="bbox 2907 4663 4131 4740">
    <p class='ocr_par' dir='ltr' id='par_1_17' title="bbox 2907 4663 4131 4740">
     <span class='ocr_line' id='line_1_63' title="bbox 2907 4663 4131 4740; baseline -0.005 -12"><span class='ocrx_word' id='word_1_324' title='bbox 2907 4666 2971 4740; x_wconf 77' lang='lat' dir='ltr'><strong>c&gt;</strong></span> <span class='ocrx_word' id='word_1_325' title='bbox 3002 4664 3280 4728; x_wconf 56' lang='lat' dir='ltr'><strong>›Am-vt.</strong></span> <span class='ocrx_word' id='word_1_326' title='bbox 3306 4673 3397 4728; x_wconf 76' lang='grc' dir='ltr'><strong>5οι</strong></span> <span class='ocrx_word' id='word_1_327' title='bbox 3547 4663 3619 4739; x_wconf 88' lang='lat' dir='ltr'><strong>d)</strong></span> <span class='ocrx_word' id='word_1_328' title='bbox 3655 4664 3945 4728; x_wconf 78' lang='lat' dir='ltr'><strong>1..1.vt11.</strong></span> <span class='ocrx_word' id='word_1_329' title='bbox 3972 4668 4131 4739; x_wconf 79' lang='lat'><strong>§.28.</strong></span> 
     </span>
    </p>
   </div>
   <div class='ocr_carea' id='block_1_17' title="bbox 3929 5459 4509 5480">
    <p class='ocr_par' dir='ltr' id='par_1_18' title="bbox 3929 5459 4509 5480">
     <span class='ocr_line' id='line_1_64' title="bbox 3929 5459 4509 5480; baseline -0.003 0"><span class='ocrx_word' id='word_1_330' title='bbox 3929 5459 4509 5480; x_wconf 36' lang='lat' dir='ltr'><em>77--L—-—-—*·-</em></span> 
     </span>
    </p>
   </div>
  </div>
 </body>
</html>
