4509 5584
1495 584 2292 658 DOMITIANVS.

1062 750 1098 787 ί»

854 796 891 833 st

623 852 708 912 Vt
740 852 844 913 lit.
888 853 958 916 C.

337 953 515 1017 IMP.
552 953 724 1016 XXI.
781 952 974 1016 COS.
1010 953 1153 1020 XV.
1209 953 1454 1020 CENS.
1507 956 1579 1015 P.
1634 958 1707 1018 P.
1752 957 1823 1021 P.

336 1055 587 1118 Pallas.
633 1054 773 1115 AR.
815 1056 1015 1135 (Mus.
1045 1054 1263 1137 Caes.)

619 1157 957 1220 Velia-B.

331 1255 926 1330 GERMANICVS.
983 1256 1172 1321 COS.
1220 1258 1367 1323 XV.
1458 1257 1820 1322 Germania

328 1361 558 1440 clypco
595 1360 910 1420 insidens.
955 1358 1098 1425 AV.
1146 1360 1216 1419 ln
1246 1359 1405 1421 alio:
1453 1360 1823 1442 Imperator

1268 798 1305 835 ff

329 1463 403 1521 in
437 1460 785 1539 quadrigis
810 1460 877 1521 d.
903 1478 1196 1536 ramum,
1232 1485 1286 1526 s.
1307 1473 1639 1540 sceptrum
1676 1481 1822 1521 cum
1858 1446 1889 1465 Ἣ

327 1562 580 1640 aquila.
626 1559 1004 1639 Av.v(Mus.
1026 1560 1244 1642 Caes.)
1288 1563 1430 1626 AR.
1469 1560 1823 1643 (Morelli.)

333 1665 406 1723 ln
441 1661 624 1724 aliisz
683 1661 917 1723 Pallas
947 1674 1137 1727 stans
1172 1666 1361 1725 vario
1406 1664 1618 1729 cultu.
1679 1663 1823 1727 AV·

344 1762 697 1845 (Morelli.)

456 1865 656 1940 Sunt,
712 1862 825 1945 qui
858 1862 1213 1926 Domitiani
1261 1863 1659 1948 triumphum
1701 1866 1826 1929 Da·

332 1967 540 2031 cicum
588 1964 670 2028 ad
718 1964 928 2041 hunc,
994 1964 1106 2028 vel
1153 1980 1540 2050 sequentem
1587 1989 1822 2030 sunum

3306 608 3448 687 389

1942 754 2119 815 IMP.
2163 753 2339 814 XXI.
2390 751 2577 814 COS.
2631 752 2768 819 XV.
2823 754 3067 817 GENS.
3119 755 3196 821 P.
3253 757 3327 820 P.
3364 759 3441 823 P.

1948 857 2200 919 Pallas.
2246 838 2389 919 ΑΒ.
2438 857 2639 936 (Mus.
2680 856 2896 939 Caes.)

1960 956 1967 961 ’
2329 959 2409 1018 V.
2462 957 2531 1018 C.
2566 957 2692 1032 844
2737 961 2807 1024 Ρ.
2843 958 3057 1038 Xon.
3133 978 3172 989 ··

1954 1058 2086 1121 ΤΒ.
2140 1061 2208 1120 P.
2242 1057 2336 1121 X.
2373 1057 2503 1119 XI.
2527 1040 2546 1093 ’-
2568 1057 2759 1124 cos,
2797 1060 2984 1124 XV.·
3005 1060 3209 1122 DES.
3246 1060 3447 1125 XVI.

2107 1163 2175 1225 Ρ.
2210 1159 2313 1223 Μ.
2350 1162 2422 1222 Ρ.
2462 1163 2530 1220 Ρ.
2569 1158 2820 1223 GENS.
2855 1159 3053 1223 IMP.
3093 1161 3296 1223 XXI.

1942 1261 2041 1322 M.
2079 1262 2276 1342 leia
2341 1260 2620 1338 Trajano
2641 1304 2659 1333 ,
2740 1262 2931 1323 Man.
2979 1261 3216 1323 Acilio
3285 1259 3446 1322 Gla-

2487 1362 2717 1423 brione
2749 1381 2880 1423 cos.

2066 1458 2500 1545 Triumphum
2538 1450 2847 1533 de'Dacis
2881 1460 2961 1524 ad
2998 1462 3171 1524 hunc
3202 1452 3434 1524 annum

1941 1560 2151 1625 refert
2196 1563 2553 1638 Eusebius,
2615 1582 2811 1645 quem
2871 1563 3066 1626 etiam
3119 1580 3438 1628 memorat

1944 1665 2295 1729 Suetonius
2344 1668 2437 1744 ⁸),
2482 1663 2600 1726 sed
2631 1665 2771 1725 sine
2811 1666 3124 1748 temporis
3162 1680 3338 1730 nota.

2161 1776 2166 1782 ’
2269 1766 2447 1831 ῙΜΡ.
2526 1764 2772 1828 CAES.
2846 1767 3162 1831 DOMI'r.
3226 1767 3428 1836 AVG.

2268 1867 2539 1931 GERM.
2573 1870 2647 1930 P.
2670 1870 2763 1932 M.
2787 1870 2925 1934 TR.
2958 1871 3034 1934 P.
3055 1870 3168 1933 xl.
3224 1871 3438 1953 Caput

2266 1969 2669 2031 laureatum.

334 2068 765 2142 constituunt,
851 2079 1041 2147 capto
1133 2082 1479 2152 praeterea
1551 2053 1826 2151 augurio
1943 2072 2120 2133 IMP.
2171 2070 2346 2134 XXI.
2403 2069 2594 2133 COS.
2638 2071 2783 2136 XV.
2836 2069 3188 2153 CENS.P.
3245 2073 3317 2136 P.
3357 2073 3434 2131 P.

334 2191 420 2233 ex
464 2168 832 2253 quadrigis,
876 2181 949 2229 ut
983 2181 1240 2250 putant,
1295 2169 1824 2252 triumphalibus,

330 2293 488 2356 quas
523 2269 810 2334 offerunt
838 2270 1019 2332 numi
1054 2271 1393 2333 consulatu
1426 2272 1564 2338 XV.
1596 2274 1821 2349 notati,

329 2392 461 2456 quo
504 2371 912 2435 Domitianus
972 2374 1100 2451 boc
1154 2384 1218 2433 et
1266 2386 1581 2456 sequente
1651 2394 1820 2437 anno

325 2472 599 2556 insignis
638 2471 789 2537 fuit.
863 2477 1113 2542 Verum
1153 2474 1329 2537 idem
1369 2489 1556 2558 typus
1610 2488 1819 2538 exstat

192 2566 207 2575 ’
327 2574 522 2637 etiam
542 2574 610 2633 in
644 2596 844 2639 aureo
878 2577 1047 2661 apud
1068 2578 1445 2640 Morellium
1476 2597 1623 2639 eum
1665 2591 1816 2640 nota

327 2675 519 2740 COS.
574 2676 818 2753 xlm„
900 2678 1010 2763 qui
1055 2677 1222 2741 adeo
1271 2678 1665 2742 referendus
1716 2694 1818 2742 est

326 2778 406 2842 ad
431 2779 796 2861 proximum
828 2780 1127 2863 superins
1158 2778 1525 2857 biennium,
1575 2781 1727 2864 quin
1750 2795 1817 2844 et

327 2875 398 2942 in
437 2880 649 2943 numis
698 2881 1138 2945 consulatibus
1176 2884 1352 2947 xvl.
1388 2898 1455 2944 et
1487 2882 1687 2949 XVII.
1723 2882 1815 2941 in-

326 2983 607 3066 scriptis.
687 2984 791 3045 Ex
820 3003 948 3067 quo
985 2983 1136 3046 satis
1167 2996 1437 3066 apparet
1470 2982 1811 3078 quadrigas

323 3085 439 3147 has
469 3104 599 3147 non
628 3104 772 3147 esse
806 3083 1267 3166 triumphales,
1300 3085 1419 3146 sed
1437 3084 1516 3147 iis
1546 3104 1811 3168 proces-

323 3207 464 3247 sum
480 3185 837 3261 Do,mitiani
861 3186 1272 3249 consularem
1298 3187 1590 3264 indicari,
1628 3207 1812 3270 prae·

306 3288 515 3370 -cipue
578 3308 723 3350 cum
787 3287 1066 3369 aquilam
1128 3290 1540 3352 consularem
1615 3309 1810 3350 manu

323 3387 688 3471 prae-ferat,
734 3386 816 3451 de
846 3408 976 3475 quo
1010 3392 1379 3453 consulatus
1410 3389 1651 3472 insigni
1682 3409 1818 3451 mo-

322 3489 620 3552 nebimus
659 3490 845 3572 plura
880 3491 947 3548 in
1000 3503 1274 3553 tractatu
1308 3491 1392 3554 de
1437 3490 1813 3555 consulibus

323 3590 653 3676 Augustis.
900 3600 907 3607 ’

1035 3674 1074 3712 ³}

827 3722 867 3757 ἢ
1250 3723 1288 3759 fi

1947 2174 2200 2237 Pallas.
2245 2172 2389 2237 AR.
2432 2174 2631 2253 (Mus.
2673 2171 2891 2255 Caes.)

2456 2316 2497 2356 ue
2664 2274 2703 2314 ⁴*
2872 2317 2911 2354 a

2218 2375 2478 2438 Antica
2510 2378 2786 2439 incerta.

1936 2473 2207 2542 vo'rs.
2237 2462 2641 2545 PVBLICA.
2693 2476 2886 2541 cos,
2922 2476 3063 2541 xv.
3148 2476 3430 2556 tmpera-

1935 2588 2042 2638 tor
2075 2579 2165 2639 acl
2216 2599 2408 2641 aram
2449 2578 2837 2661 sacrificans
2878 2580 3085 2639 sociis
3135 2577 3432 2651 tibicine,

1927 2697 2134 2757 popa,
2168 2682 2466 2743 victima.
2512 2682 2653 2742 AR.
2694 2676 3051 2760 (Mediob.)

2056 2777 2521 2841 Mediobarbus
2586 2779 2653 2840 in
2715 2779 2817 2842 his
2869 2773 3047 2843 'votis
3118 2774 3431 2858 intelligit

1930 2878 2334 2944 decennalia.
2397 2882 2511 2943 Sin
2559 2879 2768 2957 istud,
2829 2900 3063 2942 numus
3114 2880 3242 2941 erit
3281 2875 3430 2938 anni

1926 2981 2383 3062 praecedentis
2428 2984 2586 3059 843,
2678 2983 2787 3045 vel
2857 2980 3220 3072 praesentis
3281 2980 3428 3053 844,

1926 3095 2126 3164 prout
2192 3083 2499 3146 nimirum
2559 3083 2968 3146 Domitianus
3045 3077 3427 3143 decennalia

1927 3183 2370 3249 celebraverit
2424 3189 2531 3251 vel
2574 3186 2841 3247 ineunte
2887 3203 3053 3247 anno
3097 3181 3179 3245 X.
3222 3181 3426 3262 impe·

1924 3285 2043 3361 rii,
2088 3284 2197 3350 vel
2230 3300 2549 3363 exeunte,
2612 3285 2694 3347 de
2732 3304 2862 3370 quo
2899 3306 3032 3347 non
3089 3282 3239 3346 satis
3274 3303 3423 3346 eon-

1932 3398 2073 3449 stat.
2134 3387 2268 3449 Sed
2313 3401 2779 3473 conceptorum
2823 3385 3087 3469 publice
3120 3397 3419 3452 votorum

1929 3487 2146 3553 variae
2196 3509 2341 3553 esse
2384 3511 2612 3554 causae
2660 3502 2960 3572 potuere.

2651 3592 2689 3627 *

2444 3636 2485 3676 ἣν
2857 3637 2896 3672 sk

2050 3692 2323 3756 Exstant
2378 3696 2755 3779 complures
2798 3692 2988 3755 aenei
3033 3691 3242 3754 omnis
3287 3691 3420 3752 for·

442 3794 656 3859 Aenei
686 3796 736 3859 1.
781 3807 849 3858 et
883 3797 963 3860 II.
1003 3794 1253 3859 formae
1288 3811 1669 3879 argumenta
1699 3816 1806 3862 co-
1920 3813 2063 3855 mae
2098 3812 2244 3857 cum
2286 3797 2623 3859 consulatu
2660 3796 2839 3873 XV..
2902 3794 3021 3859 sed
3055 3795 3167 3879 qui
3211 3813 3415 3878 aeque

294 3891 492 3980 gnita
513 3907 840 3979 repetunt.
886 3897 989 3957 De
1012 3896 1229 3961 aeneis
1254 3898 1357 3958 111.
1378 3898 1627 3961 formae
1652 3920 1804 3983 age·

311 4013 419 4060 tur
452 3998 571 4060 sub
604 3998 801 4060 finem
830 4017 1172 4061 numorum
1196 3999 1386 4082 hujus
1405 4000 1747 4083 principis.

792 4146 1041 4207 Eodem
1084 4166 1282 4209 anno.

644 4266 755 4326 Ta
788 4268 867 4347 P.
898 4262 988 4329 X.
1024 4264 1218 4327 JMP.
1251 4264 1453 4330 XXI.

634 4403 813 4467 lMP.
892 4402 1138 4466 CAES.
1216 4401 1528 4465 DOMIT.
1589 4402 1792 4469 AVG.

637 4503 912 4569 GERM.
950 4505 1022 4566 P.
1056 4505 1147 4565 M.
1188 4505 1324 4565 ΤΒ.
1350 4507 1425 4570 P.
1456 4506 1535 4571 X.
1583 4508 1798 4587 Caput

642 4608 1039 4669 laureatum.
1369 4655 1373 4659 .

374 4818 435 4887 a)
483 4814 630 4890 Cap.
651 4815 704 4876 6.

1919 3915 2086 3957 anno
2118 3897 2548 3978 praecedenti
2595 3912 2867 3980 possunt
2896 3894 3231 3981 adplicari.

2303 4002 2385 4060 V.
2427 4001 2495 4065 C.
2531 4001 2656 4073 845
2699 4003 2767 4061 P.
2807 3999 2896 4061 Χ.
2920 4017 3022 4079 92.

2007 4096 2138 4161 ΤΒ.
2172 4101 2246 4161 Ρ.
2283 4098 2640 4175 ,XL-008.
2671 4098 2867 4175 XVI.
2902 4101 2972 4160 1³.
3011 4098 3112 4160 M.
3156 4100 3223 4159 Ρ.
3256 4099 3320 4157 Ρ.

2298 4196 2780 4277 CEA'S.‚JMP.
2826 4196 3028 4261 XXI.

1914 4298 2310 4365 Domitiano
2361 4298 2548 4380 Aug.
2572 4299 2763 4362 XVI.
2840 4299 2918 4379 Q.
2968 4295 3244 4360 Volusio
3289 4292 3408 4359 Sa-

2423 4405 2705 4462 turnino
2747 4418 2876 4460 cos.

2034 4480 2217 4561 Nihil
2289 4501 2606 4565 memoria
2662 4500 2930 4584 dignum
2955 4480 2960 4491 ¹
2989 4499 3400 4583 suppeditant

1914 4602 2195 4667 annales.
