4509 5584
1252 521 1919 609 {AGRlPPINA
1988 533 2676 610 GERMANICI.

390 706 675 788 ligulae,
710 701 821 768 vel
849 706 1137 783 nudum,
1160 702 1270 768 vel
1304 704 1710 774 laureatum.
1751 706 1899 776 AV.

1860 837 1869 844 -
2007 809 2348 891 sepulcro,
2412 815 2622 888 neque
2659 810 2783 889 pia
2827 811 3151 870 memoria
3197 811 3524 893 de'gnagus

676 907 1176 973 AGRIPPINA.
1249 911 1343 974 M.
1396 909 1476 973 F.
1551 908 1765 974 MAT.
1820 910 1894 975 C.

684 1010 1134 1076 CAEs-Ams.
1155 1009 1563 1079 AVGVSTI.
1595 1018 1665 1072 in
1700 1013 1894 1075 aliis:

682 1111 1183 1178 AGRI-PPINA.
1260 1116 1354 1180 M.
1416 1114 1493 1175 F.
1558 1112 1901 1175 GERMA-

385 806 535 874 AR.
565 807 766 891 (Mus.
801 807 1021 888 Caes.)

3373 557 3525 624 ⁴213

2009 701 2461 768 ΜΝΗΜΗΣ
2480 750 2499 784 ,
2539 726 2631 768 -ne
2654 715 2942 786 paterno
2976 706 3238 785 quidem
3266 708 3524 792 itfierm'

2007 921 2127 970 est.
2190 911 2339 972 Hoc
2373 908 2759 974 vocabulum
2797 908 2950 974 inde
2988 932 3025 973 a
3068 908 3341 973 Claudio
3382 910 3519 975 Go-

1992 1007 2195 1072 thico
2265 1013 2652 1095 frequenter
2720 1012 3235 1074 consecrationis
3297 1014 3518 1102 numis

2012 1111 2396 1197 inscriptum
2457 1113 2723 1197 legitur.
2806 1112 3012 1193 Vide,
3070 1134 3237 1199 quae
3284 1114 3368 1180 de
3428 1136 3514 1182 eo

672 1214 874 1280 Nlcl.
896 1213 1343 1278 CAESARIS.
1394 1217 1611 1300 Caput
1648 1218 1899 1300 Agrz'p·
2011 1229 2358 1298 praeterea
2400 1215 2811 1278 monebimus
2851 1214 2922 1278 in
2959 1228 3239 1281 tractatu
3276 1217 3359 1282 de
3397 1239 3517 1281 nu·

682 1321 908 1397 pinne.

401 1416 471 1482 8.
518 1416 600 1482 P.
660 1415 742 1509 Q.
789 1419 871 1479 R.
946 1411 1457 1481 MEMORIAE.
1518 1416 1903 1479 AGRIPPI-

1757 1519 1900 1585 AB.

397 1620 449 1686 1.
482 1622 689 1700 (Mus.
723 1620 946 1705 Caes.)
997 1620 1212 1686 Etiam
1248 1640 1416 1684 max.
1453 1621 1632 1687 mod.
1662 1621 1899 1686 citatur

396 1520 603 1586 NAE.
650 1519 911 1582 Thema
932 1539 975 1580 a
1008 1520 1188 1582 bc'm‘s
1215 1521 1421 1583 mulis
1452 1530 1696 1582 tracto.

393 1742 435 1787 a
462 1721 803 1787 Mon-elliu.

517 1825 822 1910 Vterque
853 1844 1090 1889 numus
1107 1821 1451 1911 Caligulae
1477 1824 1790 1911 pietatem
1820 1825 1894 1888 in

390 1940 669 1991 matrem
715 1926 946 2005 docet,
1010 1949 1202 2014 quam
1260 1942 1583 1992 testantur
1627 1947 1889 2022 quoque

2014 1316 2136 1380 mis
2170 1316 2759 1381 consecrationum.

2700 1443 2809 1524 xv·

2536 1531 2577 1571 ff
2953 1530 2998 1572 O

2298 1620 2801 1688 AGRIPPINA.
2873 1623 2967 1687 M.
3026 1623 3105 1689 F.
3162 1621 3379 1692 MAT.
3437 1625 3510 1689 C.

2294 1723 2750 1792 CAESARIS.
2848 1724 3243 1795 AVGVSTI
3261 1769 3282 1805 ,
3363 1726 3479 1790 vel
3486 1750 3515 1790 .-

2293 1824 2796 1894 AGRIPPINA.
2876 1828 2973 1895 Μ.
3027 1828 3109 1895 F.
3167 1827 3513 1896 GERM-

2289 1928 2485 1994 NICI.
2515 1929 2963 1994 CAESARIS.
3010 1930 3175 2004 Eius
3201 1944 3424 2011 caput.

389 2029 789 2113 scriptores,
824 2050 988 2113 quos
1018 2032 1195 2093 inter
1228 2030 1625 2093 luculentius
1656 2030 1890 2093 Sueto·
2005 2028 2115 2092 ¹1³1.
2135 2026 2600 2097 CLAVDIVS.
2615 2031 2984 2095 CAESAR.
3005 2029 3211 2098 AVG.
3229 2029 3503 2095 GERM.

384 2132 534 2194 nius
577 2134 671 2214 ⁸2)
716 2150 865 2194 eum
915 2130 1101 2213 justis
1140 2131 1415 2196 Tiberio
1458 2130 1688 2194 solutis
1731 2151 1887 2194 con·
1998 2129 2076 2193 P.
2113 2131 2204 2194 M.
2241 2132 2381 2192 ΤΒ.
2416 2133 2493 2197 Ρ.
2525 2133 2706 2195 ΙΜΡ.
2747 2132 2824 2196 Ρ.
2861 2131 2974 2209 P,
3022 2133 3099 2196 ln
3127 2135 3384 2197 medlo.-
3432 2133 3503 2199 S.

384 2232 612 2297 festim
686 2232 1141 2296 Pandatariam
1217 2232 1300 2296 ad
1386 2232 1883 2295 transferendos

381 2335 608 2399 matris
640 2334 900 2399 cineres
927 2333 1301 2412 advolasse,
1332 2346 1719 2418 tempestate
1749 2346 1888 2395 tur·

380 2436 568 2513 bida,
641 2457 774 2522 quo
836 2436 1042 2520 magis
1119 2436 1330 2520 pietas
1393 2435 1753 2514 emineret,
1812 2447 1882 2499 et

364 2559 507 2625 ·per
540 2538 838 2603 Tiberim
882 2540 1156 2602 Romam
1197 2537 1544 2602 subvectos
1582 2537 1879 2601 intulisse

379 2639 746 2703 Mausoleo.
850 2640 1093 2714 Addit,
1162 2635 1430 2703 inferias
1499 2639 1690 2703 matri
1771 2660 1883 2702 an·

378 2764 507 2807 nna
549 2741 877 2825 religione
943 2740 1321 2816 institutas‚·
1364 2752 1433 2804 et
1476 2760 1557 2803 eo
1603 2740 1879 2825 amplius

385 2846 770 2918 Circenses,
811 2856 1365 2927 carpentumque,
1415 2862 1548 2926 quo
1589 2841 1656 2903 in
1698 2859 1884 2925 pom·

378 2968 462 3034 pa
495 2945 974 3011 traduceretur.
1042 2942 1213 3011 Vide
1247 2943 1444 3008 etiam
1479 2944 1759 3007 Dionem
1792 2943 1880 3026 b).

379 3049 779 3132 carpentum
824 3045 996 3110 istud
1040 3047 1107 3109 in
1153 3047 1367 3109 numis
1413 3046 1636 3110 aeneis
1668 3045 1880 3108 altero

380 3150 530 3214 loco
589 3147 938 3232 descriptis
997 3147 1371 3233 comparet,
1439 3167 1605 3233 quos
1660 3158 1879 3209 tamen

380 3251 492 3316 vix
551 3249 817 3314 credam
882 3249 1003 3312 sub
1063 3250 1390 3333 Caligula,
1448 3247 1568 3311 sed
1610 3270 1657 3311 a·
1690 3250 1915 3314 claun

377 3353 487 3416 dio
524 3355 790 3416 demum
828 3351 1116 3437 signatos
1138 3396 1156 3431 ,
1201 3365 1273 3416 ut
1324 3372 1411 3416 ex
1447 3349 1871 3437 sequentibus

377 3456 782 3624 Patsstitmine
806 3554 1290 3620 MEMORIAE
1322 3553 1715 3640 intelligitur
1736 3553 1871 3640 pie-'⁵

375 3677 505 3741 tas,
561 3683 687 3747 qua
734 3672 1067 3724 mortuum
1116 3658 1428 3741 sanguine
1462 3658 1667 3742 juncti
1717 3679 1873 3742 pro·

375 3769 586 3830 secuti
615 3775 765 3826 sunt
790 3759 1020 3824 solutis
1051 3782 1173 3843 pro
1205 3761 1519 3843 dignitate
1550 3756 1736 3842 justis
1769 3758 1869 3822 fu·

372 3865 723 3943 nebi-ibus,
781 3861 1166 3928 collaudatis
1208 3863 1470 3946 publice
1496 3860 1866 3940 virtutibus,
1914 3907 1919 3912 -

226 4045 237 4052 ,
370 3969 587 4054 posito
632 3979 1096 4043 monumento,
1161 3978 1270 4028 aut
1310 3962 1506 4028 illatis
1538 3961 1607 4024 in
1642 3982 1868 4025 monu-

366 4083 660 4136 mentum
700 4071 982 4154 patrium
1023 4065 1376 4132 cineribus.
1459 4064 1654 4136 Vnde
1709 4086 1869 4151 que·

367 4185 505 4237 stus
587 4184 690 4236 est
759 4173 970 4256 palam
1024 4169 1308 4235 Iulianus
1370 4169 1736 4254 Imperator
1764 4169 1867 4250 ο),·

366 4272 546 4363 quod
580 4273 992 4339 Constantius
1040 4293 1301 4338 caesum
1335 4293 1462 4357 per
1494 4269 1680 4335 nefas
1712 4267 1867 4333 Gal-v

366 4378 503 4441 lum
542 4378 891 4442 Caesarem
939 4369 1053 4437 ὅδε
1096 4396 1215 4439 των
1252 4389 1543 4455 'recreem
1590 4375 1863 4454 μετ-αλιι·-

365 4501 499 4567 χω
532 4479 716 4544 icam
748 4484 994 4560 vapos»,
1053 4471 1170 4542 §Se
1206 4500 1323 4553 της
1359 4471 1596 4564 σύωιγυς
1633 4472 1863 4555 ἧξιωσο

1998 2231 2074 2295 C.
2138 2230 2283 2298 AE.
2316 2233 2366 2292 1.
2395 2235 2600 2317 (Mus.
2643 2234 2865 2315 Caes.)

2123 2332 2230 2395 Ex
2289 2333 2394 2398 his
2437 2335 2690 2399 numia
2713 2347 2928 2424 patet,
3002 2334 3278 2399 Claudio
3336 2356 3498 2421 quo·

1997 2453 2128 2518 que
2171 2433 2435 2520 ellat-am
2495 2435 2701 2501 fuisse
2764 2437 3151 2500 memoriam
3194 2436 3511 2522 Agrippi-

1995 2555 2120 2599 nae
2180 2537 2400 2602 fratris
2458 2538 2835 2603 Germanici
2905 2538 3153 2604 uxoris.
3237 2537 3500 2603 Dicitur

1993 2636 2061 2698 in
2098 2637 2199 2700 bis
2232 2639 2447 2702 numia
2491 2639 2858 2724 'Agrippina
2898 2641 3122 2704 Marci
3165 2638 3501 2724 Agrippae

1994 2739 2216 2818 Filia,
2260 2754 2454 2826 atque
2484 2742 2821 2818 exiistimm
2862 2760 3095 2804 numos
3128 2761 3362 2806 omnes
3396 2741 3493 2806 sic

1995 2840 2383 2926 inscriptos,
2411 2843 2608 2907 etism
2645 2844 2757 2926 qui
2792 2842 3048 2906 Claudii
3079 2862 3322 2907 nomen
3357 2863 3495 2907 non

1993 2944 2414 3027 pnaeferunt,
2457 2944 2579 3008 sub
2609 2944 2734 3008 hoc
2762 2943 3069 3026 signatos.
3132 2944 3280 3010 Non
3315 2944 3494 3008 enim

1993 3046 2236 3123 credo,
2315 3046 2713 3110 monetarios
2769 3044 2889 3108 sub
2949 3043 3244 3130 Caligula
3307 3047 3495 3109 ausu·

1932 3181 1941 3190 ·
1991 3166 2103 3212 ros
2149 3146 2353 3211 fuisse
2404 3148 2627 3213 facere
2676 3146 3080 3211 mentionem
3134 3149 3226 3211 M.
3252 3148 3493 3234 Agrip-

1990 3269 2153 3335 Pae,
2212 3272 2247 3313 a
2291 3270 2462 3334 quc,
2535 3263 2838 3336 tanquam
2895 3243 3208 3334 ignobilis
3265 3271 3489 3335 prosa-

1988 3351 2179 3435 piae,
2216 3351 2279 3414 is
2314 3350 2585 3415 nolebat
2616 3348 2802 3415 credi
2833 3370 2982 3414 sese
3032 3364 3248 3414 ortum
3290 3351 3488 3417 duce·

1852 3481 1861 3486 ·
1984 3473 2064 3517 re
2108 3451 2209 3535 d),
2251 3452 2684 3538 quod'saltem
2720 3453 2882 3515 mihi
2916 3451 3287 3519 concedent
3321 3454 3486 3519 anti·

1980 3552 2200 3640 quarii
2230 3553 2370 3632 illi,
2431 3556 2546 3641 qui
2576 3554 2950 3640 ademptum
2990 3555 3334 3622 universae
3367 3555 3486 3617 Hi-

1985 3656 2246 3742 spaniae
2307 3679 2344 3721 a
2406 3657 2701 3741 Caligula
2760 3655 3477 3740 signandaestnonetae

1975 3759 2080 3843 jus
2121 3757 2278 3822 ideo
2322 3759 2730 3836 existimant,
2793 3759 3099 3845 quoniam
3143 3780 3230 3823 eo
3268 3758 3477 3842 impe·

1976 3874 2164 3924 rante
2208 3860 2348 3923 ausi
2400 3875 2620 3926 essent
2661 3883 2892 3925 numos
2935 3861 3270 3947 Agrippae
3315 3862 3473 3927 ima-

1978 3963 2130 4045 gine
2160 3961 2451 4047 insignes
2476 3964 2758 4042 cudere,
2793 3978 3093 4049 tanquam
3129 3983 3213 4036 eo
3247 3961 3478 4029 obscu-

1974 4084 2122 4127 rum
2171 4064 2469 4150 Caesaris
2510 4086 2719 4151 genus
2759 4066 3121 4130 voluissent
3161 4064 3228 4127 in
3257 4064 3476 4148 'publi-

1975 4185 2125 4229 cum
2186 4164 2455 4230 efferre.
2544 4165 2767 4244 Adde,
2840 4165 2912 4226 in
2963 4165 3178 4227 numia
3255 4166 3471 4228 aureis

1975 4289 2171 4353 supra
2214 4266 2598 4353 descriptis,
2641 4265 2753 4353 qui
2790 4281 2975 4331 certe
3009 4265 3130 4330 sub
3171 4267 3467 4352 Caligula

1974 4369 2211 4456 signati
2258 4384 2442 4450 sunt,
2505 4371 2733 4436 literas
2777 4373 2869 4437 M.
2919 4369 2997 4433 F.
3042 4387 3278 4434 revera
3334 4389 3467 4432 non

1974 4485 2259 4538 exstare.
3096 4487 3104 4496 ·
3345 4467 3354 4474 ’

358 4620 3426 4658 Μ

435 4695 496 4766 a)
534 4692 605 4753 ln
639 4691 826 4768 Calig.
865 4702 1024 4755 c.15
1228 4689 1299 4762 b)
1340 4686 1567 4747 1„le.
1602 4690 1727 4758 §.3.

358 4796 516 4847 c..23

1929 4687 1992 4759 e)
2033 4683 2111 4743 ad
2151 4685 2210 4756 S.
2240 4686 2304 4742 Ρ.
2338 4687 2409 4758 Q.
2441 4685 2656 4743 Athen.
2697 4704 2833 4764 pag.
2854 4697 2980 4748 22’1.

3183 4685 3253 4761 d)
3294 4687 3454 4748 Suet.
