4509 5584
1603 543 1704 621 Μ.
1775 542 2274 671 BRVTVS.
3390 573 3516 647 23.

353 718 589 806 gentei
652 714 947 781 rariores
1005 725 1165 797 sunt
1211 711 1448 780 aureis.
1551 712 1863 779 Pondere

354 822 511 887 sere
590 816 974 901 conspirant
1026 836 1177 880 cum
1202 862 1207 867 -
1234 815 1452 880 aureis
1512 816 1868 901 imperato-

322 960 335 967 ,
354 944 516 988 rnm
585 919 784 1006 primi
838 917 1053 996 aevi,·
1098 917 1346 982 fabrica
1408 918 1560 982 satis
1621 918 1863 986 hiulca.

360 1027 444 1087 In
489 1025 615 1087 bos
655 1035 808 1108 post
847 1020 1012 1085 alios
1055 1018 1397 1083 liberalius
1447 1020 1871 1085 commentati

363 1140 521 1190 sunt
578 1125 870 1188 Liebeus
915 1125 1006 1204 ⁸),
1070 1121 1280 1184 serius
1338 1122 1865 1205 Havercampus,

362 1230 557 1314 cujus
600 1224 922 1291 sententia
982 1236 1082 1286 est
1137 1223 1203 1284 in
1259 1222 1722 1306 compendium
1763 1244 1868 1286 re-

364 1329 559 1394 dacta
593 1328 656 1410 b)
677 1374 696 1408 ,
741 1329 1027 1411 signatos
1058 1323 1276 1392 videri
1314 1326 1502 1388 Cosis
1536 1326 1867 1402 Etruriae,

362 1450 656 1516 cumque
730 1427 896 1492 haec
953 1426 1109 1490 urbs
1159 1424 1440 1490 deducta
1480 1426 1564 1489 sit
1610 1427 1869 1490 colonia

362 1535 449 1600 V.
484 1535 559 1597 C.
592 1531 754 1608 480,
809 1542 883 1592 ut
936 1526 1133 1592 docet
1172 1528 1510 1607 Velleius,
1589 1547 1867 1591 necesse

292 1688 305 1701 .
361 1657 554 1713 esse,
634 1653 829 1698 cusos
885 1643 1035 1694 ante
1097 1629 1275 1693 istud
1339 1642 1635 1714 tempus,
1718 1630 1869 1714 quia

357 1740 624 1802 Graeca
664 1736 887 1818 lingua
929 1730 1228 1815 inscripti
1275 1745 1460 1810 sunt,
1506 1753 1629 1816 qua
1671 1733 1866 1795 Etru.

355 1841 455 1905 sci
515 1852 819 1915 veteres,
885 1848 1226 1918 antequam
1288 1834 1600 1898 Romanis
1667 1833 1865 1917 subji-

357 1955 713 2015 cerentur,
768 1938 871 2001 usi
913 1950 1097 2013 sunt3
1168 1935 1545 2021 propositos
1589 1956 1751 2000 vero
1793 1935 1863 1998 in

352 2064 558 2107 numo
592 2042 865 2106 lictores
905 2059 1054 2103 cum
1084 2038 1401 2115 fascibus,
1455 2051 1526 2101 et
1556 2038 1859 2121 aquilam,

354 2164 600 2229 nempe
641 2143 923 2228 insignia
960 2141 1224 2226 imperii
1264 2139 1561 2203 Etruscis
1602 2139 1860 2223 pridem

352 2248 657 2331 cognita,
720 2260 913 2330 atque
962 2244 1042 2308 ab
1096 2243 1196 2306 his
1238 2245 1516 2305 Romam
1584 2241 1853 2337 volente

354 2349 648 2414 Romulo
705 2348 1018 2411 traducta.
1111 2346 1392 2408 Secutus
1449 2356 1550 2406 est
1606 2344 1857 2416 Havet-

358 2473 629 2535 campus
702 2449 825 2514 hac
893 2448 963 2511 in
1019 2447 1343 2512 sententia
1403 2444 1860 2529 antesignanos

359 2553 775 2629 Tristanum,
842 2563 911 2616 et
969 2551 1270 2613 Patinum
1323 2549 1407 2629 0).
1504 2546 1861 2610 Molestum

359 2671 581 2719 tamen
617 2654 741 2716 fuit
772 2653 914 2716 viro
956 2652 1215 2717 erudito
1247 2649 1560 2732 scriptum
1593 2647 1659 2708 in
1691 2648 1861 2732 typis

360 2755 775 2822 Motellianis
829 2751 1243 2830 ΚίὶΣΩΝ,
1304 2773 1454 2817 cum
1508 2742 1863 2811 ΚΟΣΩΝ

362 2859 568 2924 scribi
630 2870 1016 2943 oporteret,
1077 2856 1133 2919 si
1190 2854 1423 2918 urbem
1482 2852 1681 2915 Cosas
1725 2851 1864 2935 epi·

364 2960 619 3046 graphe
671 2958 1034 3036 indicaret,
1102 2956 1342 3021 deinde
1392 2954 1569 3041 quod
1610 2967 1861 3037 tempo·

359 3063 544 3125 ribus
597 3062 736 3150 istis
790 3073 1052 3123 moneta
1096 3080 1292 3122 aurea
1321 3056 1609 3119 nondum
1646 3056 1857 3140 signa·

344 3160 426 3228 &a
452 3178 557 3229 est
589 3163 657 3225 in
697 3146 900 3226 ltalia.
947 3159 1167 3257 Quare
1209 3160 1563 3223 verisimile
1597 3178 1857 3243 quoque

360 3266 595 3343 visum,
647 3264 1038 3330 vocabulum
1060 3254 1439 3337 ΚΩΣΩΝ
1468 3281 1700 3323 nomen
1725 3280 1861 3321 ma-

352 3374 695 3452 gistratus
723 3367 911 3429 urbis
939 3367 1156 3428 Asiae
1180 3365 1288 3426 vel
1323 3361 1651 3426 Graeciae
1683 3384 1855 3439 esse,

358 3489 529 3548 quae
553 3481 847 3552 tempore
879 3468 1101 3531 Cassii
1131 3477 1199 3528 et
1224 3466 1428 3527 Bruti
1453 3485 1721 3526 numum
1747 3486 1858 3526 cu-

358 3574 555 3648 den't,
587 3573 827 3634 literas
855 3571 1448 3660 mono-grammate}
1470 3559 1601 3639 AB,
1623 3567 1857 3627 initia-

355 3675 456 3735 les
493 3694 639 3736 esse
680 3650 891 3754 primi
927 3670 1221 3733 consulis
1266 3667 1346 3731 L.
1386 3667 1612 3731 Bruti,
1668 3668 1852 3731 Haec

1974 713 2295 792 nominis,
2361 724 2431 778 et
2487 711 2572 779 de
2614 708 2797 800 cu'jus
2854 715 3088 803 opibus
3145 726 3506 789 non·con·'

1978 829 2140 894 stat,
2183 829 2359 880 tanta
2400 816 2588 901 copia
2621 839 2856 882 aureos
2891 820 3185 903 fex-iisse,
3230 830 3469 910 quanta
3507 820 3514 825 ’

1982 918 2383 982 Graecarum
2461 917 2723 982 urbium
2807 922 3092 1004 nullam,
3206 949 3293 992 ne
3364 949 3480 1014 po·

1980 1019 2374 1083 tentissimas
2447 1020 2712 1103 quidem
2782 1024 3129 1105 Syracusas
3203 1049 3287 1092 ex
3347 1030 3478 1096 boc

1981 1122 2250 1185 metallo
2284 1119 2530 1185 fudisse
2560 1123 2908 1188 novimus?
2973 1150 3053 1189 an
3102 1141 3311 1194 tantos
3349 1154 3473 1216 pro

1979 1237 2214 1289 ventus
2239 1222 2531 1288 dabimus
2562 1226 2916 1293 urbeculae
2940 1228 3257 1296 Etruscae
3276 1280 3296 1313 ,
3325 1255 3478 1298 cum

1983 1324 2141 1388 alias
2187 1325 2328 1409 ejus
2371 1326 2584 1409 gentis
2635 1329 2834 1392 urbes
2868 1330 3098 1413 opibus
3127 1335 3336 1399 multo
3375 1359 3479 1401 su·

1983 1427 2283 1510 periores
2327 1442 2657 1493 monetam
2702 1438 2966 1494 aure'am
3017 1456 3347 1520 nunquam
3395 1440 3477 1500 si·

1983 1549 2215 1614 gnasse
2270 1544 2354 1594 ex
2404 1529 2549 1614 ipso
2582 1533 2721 1616 ejus
2747 1531 3031 1598 defectu
3059 1536 3204 1619 jure
3253 1544 3479 1624 argua-

1981 1634 2172 1697 mus?
2245 1632 2459 1695 Multo
2507 1633 2708 1717 igitur
2751 1637 2954 1719 magis
2991 1636 3350 1720 probabilis
3382 1642 3475 1705 al·

1980 1745 2124 1797 tera
2190 1732 2549 1807 sententia,
2625 1755 2792 1819 quae
2852 1759 3043 1802 cusos
3098 1759 3214 1804 eos
3271 1740 3476 1826 impe·

1977 1847 2189 1901 rante,
2219 1835 2431 1898 Bruto
2493 1836 2563 1897 in
2615 1835 2782 1900 urbe
2841 1843 3140 1924 quapiam
3184 1842 3476 1921 Graeca,

1979 1936 2239 2000 Cosone
2283 1938 2471 2020 operi
2512 1938 2891 2023 praefecto,
2935 1943 3223 2027 conjicit.
3272 1946 3472 2010 Prae·

1975 2050 2276 2123 terquam
2318 2039 2492 2104 enim
2540 2041 2716 2125 quod
2760 2055 2954 2126 typus
2991 2046 3291 2129 proxime
3322 2068 3473 2112 cum

1974 2139 2250 2224 reliquis
2292 2141 2482 2205 Bruti
2516 2143 2730 2206 numis
2772 2144 3132 2228 conspirat,
3189 2148 3471 2213 anim'ad-

1974 2241 2367 2307 vertendum
2427 2244 2662 2322 etiam,
2725 2244 3302 2328 ipsam.fabricam
3363 2273 3472 2313 ru·

1971 2341 2229 2406 diorem
2263 2365 2426 2429 opus
2460 2345 2981 2425 tumultuarium,
3041 2362 3109 2412 et
3134 2371 3262 2433 per
3298 2353 3470 2415 subi·

1974 2456 2073 2506 tas
2123 2465 2347 2509 causas
2405 2447 2799 2532 imperatum
2871 2450 3120 2515 testari.
3210 2455 3469 2518 Deinde

1975 2566 2113 2609 non
2165 2568 2394 2631 parum
2459 2549 2782 2613 sententia
2823 2551 2986 2633 baec
3027 2552 3287 2636 juvatur
3330 2578 3467 2619 ora·

1978 2648 2160 2712 tione
2203 2651 2487 2735 Appiani
2528 2651 2848 2715 narrantis
2878 2647 2980 2734 d),
3057 2656 3476 2722 Polemocra-

1976 2750 2133 2814 tiam
2190 2753 2412 2836 reguli
2471 2751 2803 2837 cujusdam
2867 2755 3130 2819 Thracii
3193 2780 3470 2823 uxorem

1978 2872 2172 2916 caeso
2227 2853 2308 2915 ab
2354 2850 2635 2918 inimicis
2669 2854 2938 2932 marito,
2997 2876 3147 2920 cum
3176 2857 3315 2923 filio
3347 2882 3468 2925 suo

1977 2967 2339 3030 metueret,
2391 2953 2474 3015 ad
2514 2957 2798 3033 Brutum,
2835 2956 3232 3038 profectam,
3296 2974 3365 3024 et
3396 2962 3471 3024 fi-

1974 3053 2135 3117 lium
2180 3055 2245 3117 ei
2281 3077 2467 3117 suum
2524 3057 3053 3136 commendasse,
3128 3074 3195 3123 et
3252 3064 3468 3125 mariti

1973 3156 2314 3220 thesauros
2353 3156 2730 3235 tradidisse,
2779 3181 3075 3243 magnam
3122 3161 3191 3225 in
3225 3162 3327 3225 bis
3364 3186 3470 3228 re·-

1971 3272 2228 3339 pertam
2282 3260 2423 3324 auri
2478 3261 2863 3347 argentique
2914 3263 3204 3345 copiam,
3266 3267 3466 3344 unde,

1973 3360 2189 3438 addit,
2234 3358 2557 3446 signatum
2587 3385 2625 3426 a
2659 3365 2865 3427 Bruto
2900 3365 3241 3434 numisma.
3314 3369 3467 3432 Non

1974 3459 2196 3526 metuo
2231 3464 2432 3541 levis,
2460 3478 2568 3528 aut
2604 3465 3009 3532 inconsultae
3046 3470 3464 3554 conjecturae
3547 3460 3550 3465 ¹

1968 3580 2225 3644 notam,
2288 3565 2344 3628 si
2408 3587 2641 3631 numos
2682 3567 2804 3632 bos
2848 3569 3116 3633 eosdem
3161 3591 3306 3635 esse
3351 3593 3467 3656 pu·

1969 3680 2141 3745 tem,
2217 3689 2381 3753 qnos
2450 3669 2579 3733 hoc
2637 3671 2790 3738 loco
2864 3670 3174 3737 indicavit
3227 3674 3465 3758 Appia-

361 3776 850 3858 Havercampus
872 3819 890 3850 ,
943 3772 1053 3856 qui
1086 3785 1304 3834 tamen
1340 3768 1582 3832 frustra
1615 3789 1686 3831 se
1717 3780 1853 3830 tur·
1928 3784 2123 3847 ‘nus‚
2183 3769 2537 3854 praecipue
2571 3791 2719 3834 cum
2759 3795 2901 3837 eam
2944 3775 3260 3858 temporis
3288 3821 3306 3851 ,
3362 3776 3462 3839 lo-

360 3877 498 3941 bari
524 3899 754 3962 passus
803 3889 903 3939 est
933 3873 1228 3937 Morellii
1277 3870 1645 3944 iconismis3
1701 3892 1850 3933 nam

358 3981 423 4041 in
464 3979 841 4063 archetypis
879 3976 1199 4051 omnibus,
1239 3996 1518 4059 quorum
1554 3993 1859 4057 magnam·

358 4083 614 4167 copiam
648 4080 817 4157 vidi,
858 4101 1187 4164 nunquam
1218 4072 1628 4151 ΚΩΣΩΝ,
1684 4094 1851 4138 sem·

354 4207 477 4270 per
512 4178 872 4247 ΚΟΣΩΝ
904 4181 1218 4265 scriptum
1255 4180 1412 4263 legi.
1471 4183 1562 4244 At
1611 4199 1854 4262 expen-

357 4286 645 4352 dendum
720 4285 1006 4369 primum
1069 4284 1288 4346 fuerat
1346 4284 1798 4366 Havercampo
1830 4326 1850 4358 ,

354 4392 793 4475 omnibusque
819 4433 839 4465 ,
902 4386 1015 4471 qui
1056 4406 1290 4448 numos
1346 4386 1468 4447 bos
1517 4384 1703 4448 Cosis
1744 4384 1857 4446 tri·

348 4496 675 4571 buerunt,
722 4490 896 4555 sitne
924 4488 1310 4566 verisimile,
1358 4487 1594 4552 urbem
1631 4485 1855 4570 exigui

1967 3870 2159 3956 cique
2222 3871 2572 3956 peristases
2631 3876 2906 3938 multum
2960 3876 3290 3960 adjuvent.
3374 3878 3465 3940 Et

1966 3995 2129 4039 vero
2162 3974 2390 4037 testari
2424 3975 2566 4059 ipse
2617 3996 2879 4058 possum
2903 4021 2921 4052 ,
2978 3976 3360 4064 frequentes
3393 3979 3462 4040 id

1968 4097 2174 4160 genus
2220 4097 2453 4140 numos
2501 4076 2691 4139 nobis
2742 4099 2826 4141 ex
2869 4079 3104 4155 Dacia,
3182 4094 3251 4144 et
3294 4078 3462 4144 infe-

1965 4179 2148 4241 riore
2192 4179 2527 4262 Hungaria
2560 4179 2846 4256 adferri,
2910 4201 3039 4265 quo
3083 4181 3228 4266 ipso
3264 4182 3457 4246 alveo

1968 4291 2066 4343 tot
2128 4279 2209 4341 ad
2265 4300 2382 4343 nos
2430 4280 2750 4365 Philippi,
2807 4280 3201 4360 Alexandri,
3274 4284 3458 4365 Lysi-

1966 4381 2183 4447 machi
2239 4382 2558 4459 adssuunt,
2619 4404 2702 4447 cx
2747 4403 2880 4468 quo
2926 4384 3068 4467 ipso
3124 4386 3318 4450 facile
3362 4387 3457 4449 in·

1968 4486 2263 4568 telligas,
2327 4484 2613 4567 signatos
2672 4485 2741 4546 in
2799 4498 3009 4549 tractu
3072 4487 3289 4554 vicino
3336 4490 3457 4553 hos

408 4728 477 4801 a)
518 4721 713 4781 Goth.
746 4736 915 4775 num.
944 4735 1006 4794 p.
1036 4727 1119 4778 15.

326 4820 432 4878 civ.
467 4817 536 4875 Ι...
570 4812 680 4874 tv.
719 4829 775 4867 c.
806 4817 899 4868 75.

1280 4714 1352 4788 b)
1392 4713 1470 4771 ad
1495 4711 1698 4772 Famil.
1734 4711 1983 4770 {lorellii
2014 4731 2076 4788 p.
2100 4724 2228 4777 223.
2335 4778 2344 4787 ,
2391 4712 2454 4784 c)
2494 4710 2667 4770 Num.
2695 4712 2829 4770 sam.
2857 4732 2918 4789 p.
2950 4724 3068 4776 140.

3230 4712 3299 4787 d)
3341 4713 3463 4772 Bel.
