4509 5584
1550 476 1879 610 tyna
1944 507 2210 586 Avo.
2273 508 2360 580 r.

3360 526 3506 618 162,

1337 847 1725 938 JVLJA
1806 847 2252 918 AVGVS
2291 852 2417 917 TI
2496 849 2572 918 F

529 1022 693 1088 Nata
736 1039 822 1087 ex
862 1022 1159 1108 Augusto
1200 1009 1273 1086 et
1308 1018 1658 1085 Scribonia
1697 1020 1783 1087 V.
1817 1018 1891 1084 C.

397 1126 552 1208 715.
604 1123 910 1188 ‘Biennio
967 1136 1118 1208 post
1178 1121 1567 1207 desponsata
1623 1121 1891 1205 Antyllo

396 1228 491 1291 M.
534 1226 801 1288 Antonii
862 1226 998 1289 filio
1048 1227 1144 1308 ⁸),
1222 1240 1289 1288 et
1346 1224 1402 1286 si
1459 1236 1889 1301 verum¹est‚

391 1328 568 1411 quod
612 1350 692 1392 ex
734 1332 823 1392 M.
854 1328 1123 1389 Antonii
1167 1327 1425 1409 scriptis
1465 1339 1686 1389 narrat
1730 1326 1892 1387 Sue-

383 1430 603 1492 tonius
645 1428 748 1511 l³),
797 1429 989 1493 etiam
1039 1417 1331 1492 Cotisoni
1362 1417 1674 1490 Getarum
1717 1423 1887 1509 regi.

382 1531 525 1595 Sed
581 1530 744 1595 haec
794 1515 1042 1594 'eventu
1098 1549 1413 1594 caruerez
1456 1549 1631 1604 ,nam
1671 1526 1886 1591 matri·

386 1630 611 1694 monio
643 1632 904 1694 tandem
940 1633 1167 1716 juncta
1190 1631 1314 1694 fuit
1343 1629 1666 1693 Marcello
1688 1627 1891 1690 Octa-

383 1732 530 1798 viae
592 1731 733 1795 filio
786 1735 872 1800 V.
922 1734 993 1795 C.
1045 1750 1210 1815 729,
1285 1733 1412 1794 hoc
1471 1742 1885 1814 praemature

385 1835 519 1898 vita
575 1833 948 1898 functo‘M.
992 1834 1328 1917 Agrippae
1373 1835 1456 1901 V.
1489 1834 1561 1896 C.
1601 1831 1762 1914 733,
1820 1845 1888 1893 et

389 1948 542 2018 post
595 1935 789 2018 hujus
847 1948 1128 1996 mortem
1176 1935 1450 1997 Tiberio
1493 1935 1578 1999 V.
1606 1935 1694 1998 C.
1735 1933 1886 2016 743.

392 2035 640 2099 Mulier
708 2037 834 2098 fuit
905 2036 1194 2099 libidinis
1249 2050 1641 2111 <ext-remae,
1721 2055 1888 2118 quae

394 2159 636 2222 eorpus
672 2159 858 2201 suum
899 2137 1094 2224 obyio
1135 2137 1373 2221 cuique
1404 2139 1745 2219 vulgaret,
1800 2149 1890 2198 at-

394 2261 523 2326 que
587 2260 666 2303 ea
731 2253 1006 2322 propter
1063 2239 1334 2322 adsequi
1402 2258 1681 2325 pronum
1755 2235 1925 2313 est,

400 2361 592 2426 quam
638 2342 749 2406 illa
801 2341 1017 2425 gravis
1048 2340 1249 2404 fuerit
1284 2341 1671 2424 Agrippae,
1708 2359 1894 2401 seve-

396 2463 516 2519 ro,
572 2463 646 2506 ac
696 2444 1064 2527 priscorum
1110 2463 1371 2505 morum
1421 2441 1596 2519 viro,
1650 2454 1718 2504 et
1752 2453 1894 2504 erat

405 2565 634 2607 rumor
670 2565 748 2607 ea
785 2558 996 2608 aetate
1037 2557 1369 2626 constans,
1419 2557 1489 2606 et
1535 2562 1730 2627 quem
1780 2561 1897 2604 ne-

408 2667 535 2730 que
611 2645 785 2729 ipse·
825 2645 1134 2710 Tiberius
1206 2643 1646 2720 inficiabatur,
1721 2642 1894 2706 hunc

405 2767 538 2836 non
573 2748 942 2831 aliamagis
984 2748 1069 2811 de
1104 2769 1294 2811 causa
1328 2745 1679 2830 secessisse
1717 2745 1893 2807 mm-

407 2848 598 2928 dum,
681 2871 872 2936 quam
900 2871 1013 2913 -ne
1076 2849 1301 2913 uxoris
1369 2847 1697 2911 infamiam
1762 2843 1903 2928 pati·

404 2971 626 3016 coram
673 2965 1028 3037 cogeretur
1070 2939 1152 3034 ο’).
1208 2948 1421 3013 ‘Filiae
1466 2948 1721 3013 scelera
1762 2952 1897 3008 Au-

403 3067 594 3139 gusto
632 3053 745 3117 diu
773 3054 1213 3137 incomperta,
1248 3052 1513 3134 tandem
1545 3058 1693 3113 cum
1723 3061 1895 3110 atro-

392 3154 580 3219 ciora
637 3168 889 3233 essent,
953 3176 1145 3240 quam
1200 3166 1272 3216 ut
1306 3154 1530 3224 ,celari
1586 3163 1888 3235 possent,

394 3269 528 3330 tam
570 3257 860 3341 graviter
897 3255 1538 3340 perculere-patrem
1564 3297 1581 3330 ,
1637 3265 1711 3314 ut
1756 3271 1888 3314 non

394 3357 761 3435 dubitaret,
816 3357 978 3421 haec
1035 3356 1266 3420 domus
1321 3373 1475 3419 suae
1533 3353 1890 3439 opprobria

392 3460 687 3524 indicare
727 3459 1017 3533 senatui,
1064 3458 1305 3545 diuque
1344 3457 1701 3522 abstineret
1736 3471 1890 3519 con-

397 3582 629 3647 gressu
660 3561 1034 3637 hominum,
1071 3562 1227 3646 quin
1259 3559 1343 3624 de
1375 3581 1453 3624 ea
1488 3558 1681 3621 etiam
1710 3549 1891 3622 {nor-

394 3679 462 3728 te
515 3663 846 3749 punienda
900 3663 1225 3747 cogitaret
1269 3662 1359 3742 d).
1438 3659 1733 3724 Tandem
1778 3660 1889 3723 de·

394 3768 588 3832 tectis
645 3764 944 3830 omnibus
991 3764 1132 3847 'ejus
1178 3763 1620 3849 impudicitiae
1670 3782 1889 3825 exem-

402 3868 564 3952 plis,
625 3868 741 3946 iis,
802 3867 913 3952 qui
963 3888 1113 3930 cum
1156 3887 1234 3930 ea
1278 3883 1724 3941 consuevere,
1785 3876 1895 3927 aut

396 3969 728 4054 supplicio
777 3968 1090 4045 adfectis,
1145 3989 1308 4053 quos
1349 3967 1522 4030 inter
1561 3966 1684 4028 fuit
1715 3966 1891 4028 Iulus

399 4071 723 4135 Antonias
781 4075 872 4137 M.
919 4071 1190 4134 Antonii
1244 4071 1461 4134 mviri
1510 4050 1720 4143 finus,
1786 4080 1896 4131 aut

404 4176 475 4237 in
535 4172 806 4240 exilium
863 4172 1070 4257 pulsis
1126 4173 1267 4257 ipsa
1321 4174 1390 4234 in
1442 4157 1894 4234 Pandatariam

2008 1018 2350 1104 relegatur
2391 1019 2477 1087 V.
2514 1019 2587 1084 C.
2623 1021 2748 1103 752
2799 1019 3148 1088 comitante
3207 1043 3352 1091 eam
3401 1027 3507 1095 ul·

2010 1134 2114 1186 tro
2168 1135 2376 1185 matre
2434 1121 2775 1187 Scribonia
2816 1127 2910 1208 ⁰),
2983 1137 3242 1212 tamque
3285 1130 3507 1215 Augu-

2008 1238 2142 1286 stus
2180 1223 2301 1285 suit
2342 1222 2660 1286 obstinato
2700 1223 3012 1288 adversus
3062 1248 3323 1293 omnem
3369 1232 3506 1297 cle·

2008 1326 2313 1388 mentiam
2362 1324 2610 1401 animo,
2664 1339 2734 1386 ut
2778 1345 2928 1388 cum
2971 1328 3183 1393 serius
3229 1331 3501 1396 exilium

2003 1427 2479 1511 deprecaretur
2520 1427 2835 1510 populus,
2889 1431 3366 1547 responderet,
3407 1435 3503 1498 ci-

2002 1530 2129 1592 tius
2171 1550 2399 1614 aquam
2446 1528 2585 1611 igni
2630 1529 2903 1591 mixtum
2951 1531 3068 1608 iri,
3116 1552 3308 1616 quam
3352 1527 3514 1604 eam,

2001 1631 2069 1692 in
2127 1631 2400 1714 patriam
2461 1643 2881 1713 revocatum3
2953 1652 3233 1718 cumque
3296 1654 3505 1722 popu..

2003 1733 2103 1806 lus
2149 1732 2231 1794 ad
2275 1731 2732 1793 infirmandum
2794 1732 2936 1815 ejus
2994 1737 3356 1801 sententiae
3411 1720 3520 1812 ri}

2002 1853 2232 1917 gorem
2285 1836 2619 1916 copiosum
2671 1834 2895 1918 ignem
2937 1834 3006 1896 in
3041 1836 3335 1901 Tiberim
3381 1840 3497 1906 de·

2000 1936 2273 2016 iicet-et,
2318 1954 2611 2017 eousque
2655 1937 3106 2019 perseveravit
3147 1939 3214 1999 in
3259 1962 3502 2026 propo·

2002 2037 2158 2112 sito,
2207 2048 2280 2098 ut
2316 2049 2531 2099 tamen
2569 2036 2792 2124 redire
2832 2039 3377 2104 incontinentem
3416 2063 3504 2107 ex

2004 2137 2252 2213 insula,
2310 2137 2378 2198 in
2424 2157 2546 2222 qua
2590 2138 3100 2222 quinquennium
3144 2140 3370 2221 latuit,
3429 2157 3502 2209 et

2006 2238 2302 2302 habitare
2350 2239 2597 2323 Rhegii
2651 2239 2865 2303 addita
2910 2260 3149 2306 severa
3205 2246 3502 2309 custodia

2004 2339 2539 2425 permitteret‘s).
2608 2342 2850 2403 Contra
2902 2342 3109 2405 vetuit
3153 2357 3502 2411 testamen—

2006 2456 2110 2519 to,
2164 2463 2340 2518 eam,
2385 2441 2664 2527 ejusque
2708 2461 2791 2504 ex
2824 2443 3117 2529 Agrippa
3160 2446 3357 2511 filiam
3400 2453 3502 2511 Iu..

2007 2545 2162 2606 liam
2207 2551 2541 2608 maternae
2583 2542 3022 2635 impudicitiae
3066 2550 3383 2614 aemulam
3431 2553 3503 2612 in

2010 2660 2268 2709 suomet
2308 2648 2616 2730 sepulcro
2654 2644 2908 2707 humari
2934 2647 3020 2727 g).
3079 2650 3247 2712 Iram
3298 2650 3506 2734 patris

2007 2747 2412 2811 intenderint
2488 2748 2681 2809 etiam
2756 2747 3029 2810 consilia
3101 2751 3499 2833 parricidae,

2010 2871 2175 2934 quae
2206 2851 2285 2911 in
2311 2867 2400 2912 ea
2434 2847 2644 2931 palam
2688 2847 2853 2911 facta
2886 2848 3098 2912 refert
3127 2850 3378 2914 Plinius
3408 2850 3498 2934 ¹¹).

2010 2951 2318 3015 'siherius
2372 2950 2721 3033 imperium
2776 2948 3049 3033 adeptus
3099 2970 3244 3014 eam
3298 2955 3524 3021 conti«,

2004 3073 2137 3115 nno
2156 3052 2265 3117 zie
2295 3053 2558 3129 clausit,
2600 3065 2670 3115 ut
2697 3072 2855 3135 prae
2891 3056 3199 3116 aerumn'a
3230 3068 3297 3117 et
3326 3054 3500 3120 fame
3611 3043 3618 3048 ⁸

2004 3156 2279 3218 interire
2330 3153 2569 3216 misere
2618 3166 2975 3237 cogeretur
3010 3153 3245 3217 eodem
3286 3156 3500 3222 adhuc

2005 3275 2175 3320 anno
2219 3258 2304 3342 V.
2337 3255 2409 3320 C.
2444 3255 2572 3335 767
2614 3252 2684 3337 i).
2761 3256 3070 3317 Ceterum
3119 3257 3498 3323 Macrobius

2003 3360 2072 3420 in
2137 3380 2214 3421 ea
2280 3357 2621 3420 literarum
2688 3375 3011 3433 amorem,
3096 3345 3497 3447 multamque

2004 3459 2438 3524 eruditionem
2461 3504 2478 3535 ,
2525 3479 2599 3521 ac
2632 3465 2977 3541 praeterea
3016 3459 3241 3522 mitem
3275 3462 3500 3527 huma-

2001 3563 2273 3627 nitatem
2316 3561 2763 3637 commendat,
2807 3579 2972 3645 quae
3023 3560 3359 3644 ingentem
3401 3564 3501 3628 fe-

2003 3665 2216 3727 minae
2279 3664 2551 3747 gratiam
2606 3661 2686 3725 ab
2740 3662 2877 3745 ipsa
2927 3662 3190 3726 fortuna
3246 3679 3500 3730 auctam

2005 3766 2477 3843 conciliavere,
2517 3784 2592 3828 ac
2626 3765 2939 3827 nonnulla
2969 3764 3058 3827 ibi
3093 3764 3234 3848 ejus
3265 3783 3500 3853 argute

2009 3867 2180 3932 dicta
2214 3881 2686 3931 commemorat
2713 3864 2803 3948 k),

2040 4011 2057 4016 -ι
2141 3971 2368 4031 Proles
2432 3990 2514 4032 ex
2578 3988 2710 4030 uno
2757 3965 3050 4049 Agrippa
3112 3969 3303 4032 enixa
3366 3987 3497 4051 est,

2011 4091 2169 4155 quas
2208 4069 2502 4155 supra'in
2537 4068 2831 4152 Agrippa
2862 4068 3186 4156 recensui.
3505 4071 3512 4076 “

477 4490 541 4560 a)
578 4488 695 4544 Dio
727 4487 793 4542 L.
811 4486 1074 4546 XLVIII.
1109 4489 1159 4559 δ.
1180 4494 1266 4549 54.

396 4576 477 4648 d)
517 4577 681 4636 Suet.
710 4577 772 4633 in
801 4579 954 4653 Aug.
986 4597 1037 4636 c.
1056 4580 1146 4641 65.

400 4666 539 4818 {³5}
546 4667 613 4724 1..
630 4666 782 4730 LVI.
820 4669 978 4742 §.32·
1123 4666 1198 4741 h)
1235 4663 1449 4727 L.V11.
1483 4667 1531 4739 ᾗ.
1554 4669 1646 4732 46.

1502 4484 1573 4558 b)
1613 4487 1673 4542 in
1703 4486 1852 4562 Aug.
1892 4489 2052 4549 c.6.3.

1320 4576 1382 4644 θ)
1419 4574 1533 4640 Dio
1562 4575 1629 4634 L.
1646 4576 1768 4639 LV.
1802 4580 1958 4647 §.10.

1792 4666 1843 4741 i)
1881 4664 2068 4724 Tacit.
2093 4665 2246 4723 Ann.
2275 4663 2322 4722 1.
2353 4683 2405 4721 c.
2426 4674 2511 4729 53.
2544 4661 2824 4720 Zonaras

2289 4486 2351 4554 c)
2388 4480 2574 4538 Tacit.
2603 4482 2755 4539 Anu.
2785 4479 2829 4538 1.
2862 4492 2949 4544 53.
2987 4476 3201 4540 mol..
3221 4479 3341 4541 LV.
3376 4486 3427 4556 §.
3449 4499 3502 4558 9.
3558 4543 3566 4556 δ

2131 4572 2186 4646 s)
2227 4572 2390 4630 Suet.
2428 4591 2481 4629 c.
2503 4574 2591 4636 65.
2621 4570 2797 4627 Diol.
2820 4590 2869 4631 c.
2904 4575 2955 4643 §2
2977 4583 3063 4636 13.
3217 4577 3304 4650 g)
3344 4573 3520 4642 Suet.

2971 4661 3041 4734 k)
3084 4660 3321 4723 Saturn.
3347 4665 3412 4726 L.
3432 4667 3504 4726 11
