4509 5584
375 769 601 858 eoepit
628 769 806 836 circa
837 761 1178 832 dimidium
1212 764 1493 852 Augusti
1529 763 1720 851 hujus
1765 785 1874 831 an-

375 874 482 953 ni,
547 874 716 938 certi
756 872 1029 958 insuper
1075 868 1452 947 reddimur,
1509 887 1654 932 eam
1711 869 1876 936 libe-

375 976 704 1043 ralitatem
760 974 914 1040 inde
966 994 1174 1059 usqne
1239 971 1322 1036 ad
1368 969 1709 1058 'proximas
1752 969 1877 1036 Ra·-

375 1078 606 1145 lendas
640 1076 967 1144 Ianuarias
997 1075 1352 1140 exercitam
1372 1119 1393 1153 ,
1442 1073 1675 1160 quibus
1722 1063 1877 1138 con-

376 1180 656 1245 sulatum
706 1181 816 1242 111.
861 1176 1230 1242 Hadrianus
1279 1174 1484 1242 inivit.
1559 1176 1871 1241 Ceterum

377 1282 489 1368 qui
545 1283 654 1347 alii
712 1284 1148 1365 imperatores
1200 1276 1597 1363 superioris,
1660 1290 1729 1341 et
1777 1278 1885 1340 in:

371 1383 640 1450 ferioris
699 1383 928 1450 aetatis
981 1381 1180 1445 simili
1232 1378 1560 1445 beneficio
1620 1379 1874 1444 clarue-

371 1486 543 1565 rint,
610 1498 678 1549 et
739 1505 904 1571 quae
967 1483 1092 1548 alia
1147 1481 1231 1547 ad
1284 1483 1452 1547 hanc
1506 1481 1712 1544 debiti
1765 1502 1872 1547 re·

368 1587 750 1652 missionem
792 1586 1162 1673 pertinent,
1220 1596 1289 1648 et
1344 1606 1537 1670 qnam
1586 1581 1871 1648 difficul-

368 1704 568 1755 tatem
636 1687 923 1754 offerant
975 1687 1179 1755 verba
1236 1686 1469 1749 Dionis
1532 1684 1866 1750 sexdecim

368 1812 689 1856 annorum
734 1805 994 1874 tempus
1037 1786 1445 1866 definientis,
1497 1807 1581 1851 ne
1627 1783 1867 1851 in'hoc

367 1915 518 1957 meo
640 1891 933 1960 instituto
1051 1889 1319 1975 longior
1437 1888 1597 1965 sim,
1710 1886 1864 1953 vide

364 1993 539 2079 apud
626 1993 1096 2079 spanhemium
1161 2003 1252 2071 ¹),
1344 2003 1414 2055 et
1493 1990 1862 2056 millemon-

362 2097 525 2160 tium
558 2093 648 2181 ¹³).

448 2303 672 2386 Typus
731 2299 801 2362 in
857 2299 963 2361 bis
1017 2295 1232 2362 nnmis
1288 2293 1556 2360 modum
1609 2292 1854 2378 ipsum,

360 2424 499 2489 quo
547 2403 861 2467 abolitum
916 2414 1017 2464 est
1065 2399 1209 2465 fisci
1251 2399 1578 2475 debitum,
1640 2396 1858 2482 expri-

362 2506 500 2570 mit.
586 2504 846 2570 Eodem
901 2503 1211 2588 exemplo
1264 2502 1393 2587 jam
1450 2498 1611 2586 olim
1665 2499 1858 2582 Spar-

358 2608 494 2672 tani
553 2631 639 2669 ‘ra
710 2628 872 2688 παρα
933 2624 1049 2667 των
1118 2624 1406 2689 xes-<oscor
1455 2622 1860 2689 Ὗςαμμιιτεια

362 2727 918 2797 ostendamur-rec
955 2703 1046 2781 ἕις
1080 2704 1344 2792 ᾰιγοςαν,
1400 2701 1443 2767 οἱ
1483 2707 1706 2782 ‘Quem
1754 2723 1860 2762 κα-

360 2817 560 2890 λουσι,
587 2835 689 2872 και
713 2832 914 2873 orma
940 2807 1255 2881 evasvvec
1281 2804 1372 2880 εἰς
1395 2801 1476 2881 ἓν,
1510 2801 1858 2884 eumenem,

357 2925 710 2997 congestas
766 2916 838 2975 in
877 2911 1114 2997 sorum
1161 2910 1531 2972 debitorum
1581 2923 1862 2988 syngra-

348 3016 555 3097 phas,
590 3034 757 3094 quas
788 3011 1009 3075 clar-ia
1043 3008 1414 3093 appellant,
1453 3027 1678 3070 omnes
1704 3023 1859 3068 coa·

359 3121 663 3179 cei-‘vates
715 3122 1296 3177 concremaverunt
1337 3111 1425 3192 0).
1498 3110 1700 3170 Teste
1745 3105 1856 3168 Li·

357 3218 466 3281 vio
498 3216 564 3301 d)
591 3214 872 3304 reperti,
909 3231 1059 3276 cum
1096 3231 1255 3296 ager
1284 3209 1659 3287 foderetur,
1695 3208 1851 3271 libri

354 3321 605 3383 Numae
642 3314 953 3399 Pompilii
986 3318 1063 3380 iu
1090 3315 1405 3390 comitio,
1453 3315 1608 3396 igne
1638 3331 1684 3374 a
1717 3314 1852 3374 vic·

353 3424 651 3485 timer-iis
678 3423 884 3505 facto
930 3420 1004 3479 ἰιι
1049 3427 1405 3498 conspectu
1434 3413 1672 3498 populi
1715 3432 1852 3475 cre·

350 3526 528 3585 matt·
556 3532 738 3586 sunt.
787 3521 1120 3583 Hactenus
1154 3535 1416 3591 omnes,
1468 3515 1580 3600 qui
1611 3513 1848 3577 horum

346 3643 701 3689 numorum
762 3621 1159 3697 meminere,
1235 3616 1703 3694 adseruerunt,
1778 3617 1848 3679 in

347 3746 581 3790 aversa
612 3723 916 3789 exhiberi
939 3722 1411 3807 imperatorem
1436 3731 1743 3796 stantem,
1778 3733 1846 3802 et

344 3826 612 3894 sinistra
655 3838 988 3910 sceptrum
1035 3836 1392 3890 tenentem.
1465 3823 1720 3888 Verum
1772 3822 1843 3884 in

342 3928 782 4015 integerrimo
834 3944 1033 3990 numo
1080 3946 1155 3989 ac
1198 3922 1587 3988 nitidissimo
1630 3925 1847 3987 musei

342 4030 653 4097 Caesarei
693 4050 825 4093 non
862 4042 1197 4115 sceptrum
1227 4026 1296 4087 in
1334 4045 1528 4088 manu
1556 4023 1840 4088 hominis

340 4109 828 4209 comburentis,
873 4130 993 4195 sed
1014 4130 1235 4216 ,fasces
1269 4147 1420 4193 cum
1452 4127 1699 4205 securi,
1740 4147 1841 4190 so·

250 4305 255 4316 ,
342 4240 461 4301 lita
501 4236 810 4300 lictorum
856 4255 1073 4311 arma,
1118 4231 1352 4309 video,
1400 4231 1515 4315 qui
1558 4229 1723 4294 adeo
1768 4230 1837 4294 in

338 4341 449 4404 his
484 4338 665 4402 numi
695 4336 1087 4422 proponitur
1116 4331 1539 4418 exsequendo
1564 4332 1837 4397 Hadria·

340 4445 413 4506 ni
446 4446 627 4525 jussu
662 4452 1034 4523 occupatus·

416 4781 480 4848 a)
520 4775 560 4832 l.
595 4797 645 4832 c.

340 4867 459 4924 XL.
502 4885 553 4924 c.
588 4878 678 4938 29.

1564 591 2298 674 HADRIANVS.

850 4772 918 4840 b)
958 4770 1020 4826 in
1046 4779 1185 4826 nota
1215 4781 1249 4833 3
1283 4768 1361 4826 ad
1392 4767 1571 4829 Hadr.
1602 4790 1660 4845 p.
1694 4789 1767 4825 m.
1798 4778 1925 4841 953.

3345 617 3493 703 λης)
3605 575 3610 580 ’

2260 764 3217 839 ANIMADVERSIO

1956 907 2061 1002 ,ia
2122 905 2495 970 universam
2557 871 2887 986 reliquam
2947 901 3281 976 Hadria'ni
3346 933 3479 977 mo-

2250 1015 2258 1020 ’
2608 1020 2851 1073 netum.

2070 1169 2457 1255 Labyrinthi
2511 1171 3008 1260 inexplicabiles
3067 1191 3317 1244 meatus
3382 1183 3479 1246 iu·
3565 1183 3572 1190 ”

1986 1273 2359 1358 gredimur,
2423 1275 2782 1361 reliquam,
2845 1298 3118 1364 eamque
3174 1302 3478 1348 numero·

1985 1397 2121 1438 sam
2163 1375 2481 1440 Hadriani
2523 1394 2848 1443 monetam
2891 1381 3247 1450 lustraturi.
3313 1388 3478 1452 Nam

1983 1473 2181 1561 quod*
2208 1477 2527 1561 proximis
2570 1481 2879 1545 Kalendis
2923 1484 3234 1562 Ianuariis
3282 1487 3363 1555 V.
3398 1491 3477 1553 C.

1979 1580 2104 1662 87²
2142 1581 2549 1645 consulatum
2586 1585 2697 1647 m.
2733 1585 3068 1668 ingressus
3103 1607 3258 1649 eum
3295 1588 3478 1653 dein-

1982 1700 2138 1766 ceps
2174 1682 2621 1768 magistratum
2658 1699 2783 1770 per
2816 1705 3078 1750 omnem
3109 1688 3304 1752 vitam
3338 1713 3475 1756 non

1979 1782 2255 1867 amplius
2307 1787 2629 1869 suscepit,
2689 1808 2777 1851 eo
2822 1787 3086 1873 quidem
3130 1792 3474 1875 repudiato

1977 1886 2234 1950 honore
2284 1887 2672 1950 modestiam
2726 1910 2907 1952 suam
2963 1879 3297 1973 probavit,
3359 1902 3473 1981 qui

1976 1987 2328 2053 immodice
2381 1990 2702 2074 repetitus
2745 1993 2814 2054 in
2855 1993 3232 2057 Domitiano
3288 2018 3473 2060 arro·

1976 2090 2234 2173 gantiae
2290 2091 2551 2176 signum
2607 2093 2768 2172 fuit,
2840 2108 2904 2157 at
2971 2095 3283 2160 scientiae
3353 2119 3474 2162 no-

1970 2205 2187 2269 strae,
2261 2206 2332 2256 et
2386 2207 2761 2280 temporum
2819 2196 3178 2280 cognitioni
3238 2219 3468 2282 parum

1974 2294 2322 2357 consuluit.
2388 2297 2478 2360 Et
2519 2296 2831 2361 ferendus
2877 2311 3056 2361 esset
3097 2298 3204 2363 hic
3249 2300 3472 2367 defec-

1966 2408 2109 2474 tus,
2187 2397 2243 2458 si
2300 2397 2497 2463 modo
2556 2399 2933 2463 monetariis
2990 2399 3259 2465 iteratae
3313 2405 3466 2472 trib.

1968 2499 2310 2583 potestatis
2383 2522 2732 2566 numerum
2806 2501 3053 2566 addere
3129 2503 3467 2584 libuisset,

1971 2600 2151 2684 quod
2212 2602 2605 2689 plerumque
2663 2604 2732 2665 in
2787 2605 3065 2668 aliorum
3117 2604 3468 2688 imperato-

1970 2717 2117 2764 rum
2174 2704 2387 2766 numis
2446 2704 2707 2768 factum.
2788 2706 2877 2768 At
2931 2706 3109 2769 enim
3167 2708 3466 2791 ignotum

1971 2802 2096 2866 fuit
2163 2818 2496 2870 anteactae
2571 2807 2802 2885 aetati,
2892 2827 3037 2870 eam
3115 2808 3464 2892 aliquando

1967 2904 2115 2969 fore
2151 2905 2464 2971 historiae
2502 2921 2789 2986 sortem,
2830 2921 2903 2971 ut
2944 2909 3026 2973 ab
3066 2912 3281 2973 numis
3323 2935 3462 2976 mn·

1962 3008 2137 3070 tuari
2191 3007 2410 3072 lucem
2466 3023 2842 3093 cogeretur.
2909 3014 3092 3095 Ergo
3137 3032 3284 3076 cum
3328 3016 3459 3079 Ha·

1958 3108 2226 3173 drianus
2297 3125 2624 3195 perpetuo
2688 3112 2999 3196 deinceps
3064 3114 3461 3180 inscribatur

1965 3211 2157 3278 COS.
2203 3214 2349 3290 111„
2403 3213 2570 3276 absit
2623 3233 2935 3276 numerus
2980 3215 3131 3280 trib.
3173 3232 3460 3301 potesta·

1959 3313 2077 3391 tis,
2127 3314 2269 3397 ipsa
2311 3335 2474 3381 vero
2516 3309 2866 3378 minorum
2908 3333 3287 3402 argumenta
3333 3323 3462 3386 etsi

1926 3435 2093 3477 mon
2134 3436 2288 3480 raro
2329 3414 2699 3495 historiam,
2755 3417 2864 3485 vix
2911 3423 3127 3482 tamen
3172 3442 3456 3506 unquam

1956 3518 2458 3601 chronologiam
2522 3519 2786 3602 juvent,
2861 3522 3206 3585 consilium
3276 3525 3455 3589 aliud

1957 3619 2287 3704 reliquum
2329 3642 2462 3687 nou
2508 3636 2640 3699 est,
2683 3621 2810 3685 nisi
2852 3636 2922 3685 ut
2957 3624 3256 3690 universa
3296 3629 3454 3691 reli·

1957 3743 2095 3804 qua.
2141 3723 2350 3786 series
2408 3723 2641 3787 ordine
2702 3724 3113 3808 alphabetico
3169 3729 3451 3811 'partium

1952 3843 2328 3888 aversarum
2396 3826 2723 3892 succedat.
2808 3829 3026 3911 Atque
3094 3828 3151 3891 is
3220 3832 3452 3896 modus

1953 3925 2160 3989 multo
2217 3926 2380 3988 mihi
2431 3941 2534 3990 est
2589 3928 2764 3992 visus
2818 3931 3251 4014 opportunior
3305 3933 3446 4008 illo,

1950 4045 2149 4111 quem
2204 4025 2673 4092 Mediobarbus
2729 4031 3138 4112 sequendum
3196 4038 3449 4115 putavit

1954 4130 2070 4214 qui
2105 4142 2173 4191 et
2205 4128 2346 4212 ipse
2378 4129 2700 4206 incertus,
2745 4130 2977 4214 quibus
3009 4133 3192 4195 annis
3225 4134 3445 4219 singu-

1951 4229 2055 4293 los
2087 4230 2277 4313 hujus
2312 4231 2627 4315 principis
2661 4253 2893 4297 numos
2925 4233 3283 4311 insereret,
3319 4239 3442 4300 etsi

1950 4331 2124 4394 istud
2179 4354 2332 4396 raro
2388 4333 2544 4397 alias
2590 4334 2948 4419 ignoravit,
3011 4337 3187 4420 cepit
3228 4339 3440 4401 consi-

1950 4435 2148 4513 lium,
2209 4457 2437 4501 omnes
2491 4439 2862 4504 consulatus
2909 4440 3028 4504 m.
3056 4459 3288 4502 numos
3343 4459 3444 4505 se·

2132 4773 2191 4841 c)
2234 4770 2529 4829 Plutarch.
2560 4773 2622 4827 iu
2657 4770 2849 4845 Agide
2882 4791 2930 4829 c.
2971 4786 3055 4837 ¹5.
3262 4779 3330 4850 d)
3373 4779 3437 4840 L,
