4509 5584
1115 631 1260 704 330

1115 785 1446 851 adfectum
1490 781 1838 866 profitetur
1871 779 2174 865 publice3
2222 796 2290 845 at
2321 783 2496 847 hunc
2528 804 2605 847 se

1109 886 1306 952 etiam
1356 886 1691 971 proffessus
1737 897 1839 947 est
1882 885 2247 947 securitatis
2296 886 2605 969 propriae

955 987 974 994 ’
1071 1011 1333 1067 ⁴causa,
1396 988 1699 1073 quoniam
1759 985 1962 1052 tutior
2021 999 2121 1048 est
2180 987 2309 1053 vita
2366 987 2607 1071 princi..

1109 1092 1250 1177 pis,
1298 1088 1760 1175 quo'pluribus
1795 1087 2098 1150 subsidiis
2135 1088 2381 1152 nititur.
2452 1089 2602 1180 Quo

1101 1194 1297 1257 nixus
1329 1190 1751 1256 fundamento
1787 1191 1976 1252 Titus
2022 1203 2276 1276 patrem
2330 1191 2610 1274 placavit

1099 1294 1481 1358 Domitiano
1509 1306 1785 1375 propter
1816 1304 2046 1375 aperta
2079 1293 2249 1358 vitae
2286 1293 2606 1355 scelestae

1108 1409 1493 1480 argumenta
1511 1394 1882 1456 infensumz
1929 1414 2060 1454 non
2095 1397 2423 1474 legiones,
2476 1415 2608 1455 non

1102 1500 1355 1560 classes
1389 1500 1663 1579 perinde
1684 1495 1898 1579 firma
1943 1497 2209 1574 imperii
2245 1497 2609 1556 munienen-

1006 1597 1018 1614 ‘
1099 1612 1207 1676 ta,
1248 1618 1447 1680 quam
1480 1616 1827 1659 numerum
1851 1595 2209 1658 liberorum
2240 1596 2326 1675 ⁸).

1830 1693 1872 1732 Q

2039 1739 2083 1777 C*

1622 1741 1661 1779 st

1383 1801 1477 1860 Vt
1512 1798 1619 1859 lic.
1655 1796 1729 1856 Β.

1098 1896 1549 1970 wemma,
1601 1895 2007 1964 NAVALIS.
2057 1896 2127 1961 S.
2166 1896 2238 1964 C.
2289 1900 2599 1961 Victoria

1091 2022 1331 2084 prorae
1357 1999 1548 2061 navis
1576 2000 1893 2059 insistens
1924 2001 1988 2064 d.
2023 2000 2345 2076 lauream,
2378 2021 2426 2061 s.
2448 2001 2596 2080 pal-

1095 2121 1245 2163 mae
1278 2120 1557 2162 ramum.
1601 2098 1743 2162 ΑΕ.
1775 2100 1856 2161 11.
1892 2099 2093 2180 (Mus.
2124 2098 2342 2178 Caes.)

1221 2201 1464 2261 Mirum
1498 2219 1676 2276 sane,
1703 2213 1853 2282 post
1878 2199 2084 2263 victos
2100 2199 2592 2282 Carthaginien-

1096 2322 1235 2379 ses,
1298 2303 1570 2385 piratas,
1629 2321 1865 2384 reges,
1924 2301 2034 2383 qui
2087 2314 2186 2361 tot
2225 2287 2588 2384 ‘triumpho-

1091 2425 1260 2466 rum-
1304 2405 1627 2469 navalium
1686 2400 2024 2465 materiam
2080 2403 2391 2464 Romanis
2462 2401 2592 2464 suf-

1066 2503 1355 2581 ·fecene,
1476 2506 1690 2567 adhuc
1791 2500 2147 2572 memorari
2251 2502 2590 2566 victoriam

1090 2607 1391 2671 navalem
1443 2627 1520 2668 ea
1577 2618 1824 2682 aetate,
1890 2626 2016 2689 qua
2056 2602 2266 2666 omnis
2315 2624 2429 2666 ora
2462 2625 2592 2666 ma-

1088 2708 1307 2788 ritima
1354 2707 1635 2790 imperio
1689 2707 1925 2790 paruit.
2001 2706 2189 2768 Hanc
2247 2717 2462 2768 tamen
2505 2705 2592 2786 ja-

1085 2823 1224 2873 ctat
1273 2827 1506 2871 numus
1555 2829 1869 2893 praesens
1906 2807 2034 2869 hoc
2084 2826 2253 2868 anno
2305 2806 2592 2889 signatus

1091 2909 1376 2974 docente
1434 2911 1661 2993 capitis
1724 2908 2169 2991 inscriptione.
2273 2908 2363 2969 Et
2421 2905 2595 2970 refe-

1084 3011 1358 3075 rendam
1407 3032 1552 3075 eam
1586 3011 1930 3075 victoriam
1972 3009 2057 3072 ad
2092 3009 2313 3091 ipsum
2341 3007 2595 3069 bellum

1087 3113 1456 3190 Iudaicum,
1514 3134 1646 3176 non
1705 3112 1902 3176 docet
1965 3109 2162 3173 modo
2231 3130 2465 3171 numus
2508 3109 2597 3171 al·
2646 3141 2656 3150 ·

1092 3227 1202 3278 ter
1234 3213 1617 3297 Vespasiani
1656 3212 1891 3276 eodem
1923 3212 2050 3274 hoc
2082 3232 2250 3274 anno
2288 3213 2599 3293 signatus,

1094 3315 1370 3399 incujus
1404 3335 1666 3379 aversa:
1710 3313 2071 3382 IVDAEA.
2118 3312 2410 3374 CAPTA
2446 3333 2594 3375 cum

1084 3430 1274 3500 typoz
1319 3418 1524 3480 Miles
1557 3418 1796 3476 dextro
1819 3416 1985 3496 pede
2004 3434 2247 3495 proras
2280 3415 2597 3476 navis-ln·

1087 3522 1367 3592 sistens,
1423 3518 1624 3599 (Mus.
1670 3515 1898 3596 Caes.)
1958 3535 2189 3577 verum
2248 3513 2443 3576 etiam
2495 3511 2590 3573 di-

1084 3630 1262 3681 serta
1286 3614 1552 3698 Iosephi
1581 3614 1806 3690 verba,
1840 3614 1972 3697 qui,
2005 3635 2151 3678 cum
2185 3614 2588 3697 triumphum

1090 3718 1445 3783 Iudaicum·
1484 3713 1835 3791 describit,
1919 3715 2093 3778 inter
2172 3716 2334 3793 alia,
2419 3737 2585 3802 quae

1086 3834 1225 3884 tum
1261 3818 1524 3902 publice
1556 3816 2065 3888 ostentabantur,
2100 3831 2369 3879 secutas
2386 3822 2592 3882 etiam

1085 3923 1453 4002 complures
1501 3940 1720 3983 naves.
1736 3931 2012 3983 testatur
2056 3912 2145 3998 ¹’).
2215 3918 2397 3998 Istud
2442 3939 2590 3983 cum

1088 4036 1343 4088 cert-um
1403 4023 1523 4099 sit,
1592 4040 1870 4086 concors
1916 4033 2018 4083 est
2077 4019 2590 4105 antiquariorum

1082 4125 1374 4189 omnium
1437 4123 1691 4212 opinio,
1763 4122 1949 4185 nullo
1994 4122 2124 4185 alio
2176 4123 2434 4205 praelio
2482 4145 2589 4186 na·

1083 4228 1216 4292 vali
1248 4241 1590 4310 comperto
1625 4225 2130 4308 intelligendum
2171 4224 2368 4301 illud,
2409 4223 2585 4310 quod

1081 4329 1344 4393 in-lscu
1402 4328 1860 4392 Gennesareth
1919 4349 1962 4389 a
2009 4326 2446 4409 Vespasiano,
2518 4339 2586 4390 et

1083 4432 1237 4494 Tito
1295 4431 1714 4495 commissum
1758 4426 2018 4513 prolixe
2072 4451 2109 4491 a
2142 4426 2424 4510 Iosepho
2471 4424 2585 4490 de-

1088 4533 1398 4599 scribitur
1444 4535 1542 4614 c),
1587 4551 1752 4617 quae
1793 4530 2060 4614 quidem
2109 4527 2385 4595 victoria
2415 4528 2582 4612 justa

1161 4760 1224 4829 a)
1263 4757 1448 4813 Tacit.
1472 4754 1744 4815 ·1{ist.lV.
1780 4769 1864 4819 52.

1087 4849 1156 4922 d)
1196 4846 1530 4904 Tillemout.

2081 4756 2150 4826 d)
2193 4752 2732 4817 Be11.1ud‚L.V11.
2768 4768 2893 4819 c.5.
2928 4758 2975 4828 ξ.
2999 4769 3048 4820 5.
3110 4745 3117 4754 '‘

2254 559 3097 689 vssrasva's,

2721 782 2848 845 fuit
2907 781 3111 846 caesis
3169 780 3419 865 aliquot
3468 781 3866 852 ²Iudaeorum
3909 785 4223 865 millibus,

2724 899 2793 946 et
2830 884 2982 967 plus
3026 883 3293 966 triginta
3359 884 3646 948 millibus
3691 889 3930 969 captis,
3999 905 4068 953 et
4110 911 4223 955 ve·

2719 985 3062 1048 numdatis.
3157 983 3556 1068 Opportune
3614 987 3696 1058 ad
3752 989 3928 1052 istud
3984 990 4226 1055 confir-

2719 1086 3023 1148 mandum
3074 1089 3364 1151 occurrit
3406 1111 3640 1152 numus
3699 1094 3789 1152 Μ.
3823 1092 4081 1155 Aurelii
4140 1093 4226 1155 si·

2723 1203 2953 1270 gnatus
3027 1187 3199 1271 apud
3263 1189 3514 1252 Gadara
3577 1192 3995 1275 Decapoleos
4062 1193 4218 1257 huic

2720 1290 2891 1353 lacui
2921 1290 3168 1365 vicina,
3214 1290 3288 1351 in
3324 1291 3506 1372 cujus
3542 1312 3772 1356 aversa
3812 1309 3944 1357 ests
3988 1290 4222 1357 NAT-

2719 1387 2898 1455 MA.
2918 1386 2987 1450 Γ
2995 1387 3496 1467 ΑΔΑΡΕΩΝ,
3546 1404 3701 1474 typo
3739 1399 4033 1457 triremis
4068 1415 4220 1460 cum

2721 1494 2955 1558 multis
2991 1494 3494 1573 remigantibus.
3558 1492 3887 1575 (Pellerin
3915 1496 4076 1559 Met.
4108 1496 4221 1578 ll.)

2714 1592 3102 1657 Verisimile
3181 1592 3482 1667 omnino,
3557 1573 3973 1660 Gadarenses
4016 1596 4221 1660 Grae·

2716 1712 2829 1755 cos
2872 1693 2941 1754 in
2989 1694 3131 1774 ejus
3170 1694 3409 1776 praelii
3452 1699 3867 1774 memoriam,
3924 1718 4057 1783 quo
4104 1718 4217 1763 eo-

2714 1813 2860 1855 rum
2898 1794 3075 1857 lacus
3120 1814 3323 1879 usque
3364 1816 3448 1859 eo
3484 1798 3861 1863 nobilitatus
3889 1811 4024 1877 est,
4069 1820 4219 1863 eam

2713 1890 3220 1980 ΝΑΤΜΑχιιιν
3282 1898 3510 1960 annuis
3573 1900 3882 1963 ludorum
3926 1901 4215 1971 solenni·

2709 1996 2833 2060 bus
2854 1996 3248 2074 celebrasse,
3283 2012 3349 2060 et
3377 1999 3445 2059 in
3476 2001 3690 2064 numis
3720 2002 3877 2085 ipsis
3898 2003 4208 2087 signasse,

2710 2096 2794 2161 de
2856 2119 2988 2183 quo
3046 2098 3194 2161 vide
3246 2100 3438 2182 plura
3495 2102 3648 2166 Vol.
3692 2105 3802 2167 111.
3867 2105 3936 2166 in
3993 2106 4210 2176 numis

2706 2198 2898 2283 hujus
2942 2199 3143 2264 urbis.
3232 2201 3418 2264 Hanc
3463 2223 3498 2263 a
3543 2204 3947 2286 Vespasiano
4006 2210 4209 2273 victo-

2707 2302 2867 2363 riam
2908 2314 3198 2378 -mature,
3243 2321 3318 2364 ac
3362 2302 3508 2365 vivo
3544 2303 3756 2367 adhuc
3796 2309 4064 2371 Nerone
4098 2332 4210 2373 *re-

2706 2402 2896 2464 latam
2928 2414 3230 2483 oportet3
3272 2423 3421 2476 nam
3452 2401 3639 2465 addit
3665 2407 3983 2491 Iosephus
4020 2431 4205 2493 prae·

2704 2502 2779 2563 lii
2835 2502 3026 2584 hujus
3078 2501 3379 2584 locuples
3427 2503 3810 2583 historicus,
3872 2531 3911 2573 a
3960 2512 4205 2595 Vespa-

2705 2602 2885 2665 siano
2901 2604 3156 2666 Neroni
3185 2616 3523 2685 captorum
3556 2606 3867 2689 juvenum
3906 2631 4026 2675 sex
4057 2613 4200 2675 mil-

2709 2702 2919 2767 lia-ad
2947 2704 3297 2780 Isthmum,
3341 2724 3537 2788 quem
3572 2707 3932 2790 perfodere
3968 2712 4024 2776 is
4063 2728 4198 2777 teu·

2708 2805 2916 2883 tabat,
2978 2807 3173 2869 missa
3230 2825 3401 2871 esse.
3490 2808 3618 2872 Hic
3654 2823 3869 2893 ,typus
3915 2817 4201 2880 occurrit

2709 2906 2913 2969 etiam'
2938 2906 3005 2968 in
3038 2907 3249 2971 numis
3293 2908 3429 2972 Titi
3473 2923 3544 2974 et
3578 2911 3936 2978 Domitiani
3980 2914 4061 2977 ad
4096 2938 4199 2980 an·

2708 3030 2865 3073 num
2896 3009 2980 3079 V.
3022 3010 3095 3073 C.
3128 3008 3276 3072 826.

3115 3198 3195 3258 V.
3232 3195 3447 3260 aeas
3477 3196 3553 3259 ι’.
3584 3196 3673 3259 Χ.
3700 3214 3809 3281 φα.
4053 3261 4065 3272 ,

2765 3310 2895 3377 ΤΒ.
2931 3314 3003 3374 P.
3037 3312 3169 3376 ιιι.
3198 3316 3319 3376 JV.
3359 3315 3551 3379 cos,
3579 3316 3700 3379 JV.
3734 3321 3807 3380 Ρ.
3846 3317 3949 3382 M.
3979 3321 4053 3385 P.
4089 3324 4157 3385 P.

3098 3431 3300 3498 IMR
3328 3432 3533 3495 Vm.
3569 3433 3698 3497 IX.
3733 3436 3826 3501 Χ.

2767 3572 3039 3656 Vespas.
3076 3568 3265 3651 Aug.
3295 3568 3420 3633 IV.
3467 3570 3616 3632 Tito
3653 3575 3840 3637 Caes.
3867 3576 3960 3638 II.
4001 3598 4129 3662 cos.

2706 3769 2715 3773 -
2833 3715 3164 3778 Antiocho
3197 3718 3672 3804 Commagenes
3718 3740 3885 3805 rege
3939 3720 4023 3786 de
4070 3722 4196 3786 col·

2705 3816 2963 3881 lusione
3002 3837 3149 3881 cum
3179 3819 3439 3881 Parthis
3472 3835 3777 3904 suspecto
3800 3824 4193 3888 Caesennius

2703 3919 2942 3982 Paetus
2991 3920 3222 4002 Syriae
3264 3941 3531 4004 praeses
3578 3921 3965 4007 Vespasiani
4018 3928 4191 4010 jussu

2706 4020 3213 4106 Commagenem
3259 4036 3564 4110 occupat,
3614 4044 3892 4109 eamque
3936 4026 4005 4087 in
4050 4048 4193 4111 pro-

2702 4121 2983 4185 vinciam
3037 4121 3301 4207 redigit.
3406 4125 3554 4187 Rex
3613 4145 3761 4188 cum
3826 4126 3982 4191 filiis
4042 4128 4195 4212 Epi-

2700 4222 2948 4305 phane,
3013 4237 3080 4287 et
3135 4224 3453 4289 Callinico
3514 4226 3789 4290 Romam
3848 4227 4018 4305 abit,
4080 4228 4196 4291 ibi·

2701 4342 2828 4406 que
2875 4323 3063 4408 regie
3112 4325 3455 4409 excipitur.
3518 4326 3723 4410 (Vide
3772 4328 3964 4412 hujus
4010 4331 4195 4414 regis

2696 4428 2982 4510 numos.)
3086 4428 3365 4491 Petilius
3444 4428 3719 4493 Cerialis
3791 4429 3983 4496 victis
4048 4432 4197 4494 Bri·

2698 4528 2906 4592 tannis
2933 4528 3196 4612 imperii
3216 4529 3281 4591 in
3310 4528 3519 4592 insula
3546 4528 3712 4595 fines
3729 4547 4081 4614 promovet
4113 4531 4198 4616 δ).

3261 4725 3317 4829 e}
3365 4754 3884 4818 Be11.1ud.1..111.
3924 4779 4057 4838 ap.
4096 4761 4201 4819 un.
