4509 5584
1066 585 1159 656 30

1069 761 1261 827 quam
1308 737 1479 823 apud
1529 739 1892 821 Amorgum
1928 736 2196 822 'aliquot
2253 737 2556 801 triremes

938 822 947 937 ἶ
1048 843 1426 927 depressit,
1485 842 1861 929 Neptunum
1912 858 1983 901 se
2038 840 2428 923 appellavit,
2471 854 2557 905 ‚et

904 3864 944 3925 )

1065 945 1421 1007 tridentem
1461 942 1736 1027 gestavit
1766 946 1846 1023 ⁸).
2491 1021 2497 1027 .

1190 1045 1516 1109 Denarius
1569 1048 1618 1110 Ι.
1671 1055 1935 1126 praeter
1982 1044 2274 1126 Neptuni
2329 1057 2552 1127 typum

1065 1146 1264 1210 habet
1291 1147 1526 1209 fratres
1559 1146 1702 1230 pios
1729 1146 2141 1221 catanenses,
2172 1147 2284 1230 qui
2313 1166 2552 1229 nempe

1067 1247 1150 1312 ad
1184 1268 1553 1333 cognomen
1581 1252 1695 1311 Pii
1726 1247 2055 1311 adludunt.
2100 1249 2356 1311 Horum
2387 1269 2552 1313 unus

1032 1356 1167 1413 'est
1224 1350 1418 1413 etiam
1475 1346 1576 1411 in'
1605 1349 1819 1411 numia
1879 1347 2091 1430 gentis
2145 1349 2552 1426 Herenniae,

1064 1466 1343 1538 uterque
1400 1452 1469 1512 in
1527 1451 1740 1514 numis
1797 1449 2115 1524 Catanae,
2173 1471 2257 1512 ex
2316 1450 2554 1534 quihus
2632 1436 2642 1449 ⁸

1065 1552 1306 1616 nobilis
1372 1551 1565 1634 hujus
1636 1550 1907 1613 fratrum
1977 1550 2179 1633 paris·
2219 1550 2551 1614 historiam

1062 1669 1239 1740 pete.
1304 1653 1655 1718 ⁴Denarius
1713 1654 1794 1716 ΙΙ.
1855 1652 2232 1716 turriculam
2298 1652 2555 1715 triremi

1046 1755 1513 1841 *imminentem
1567 1752 1873 1829 exhibet,
1931 1775 2121 1838 quam
2166 1753 2553 1821 Vaillantius

1060 1856 1625 1943 propugnaculum
1718 1855 1911 1921 navi·
1963 1876 2151 1917 more
2250 1870 2552 1920 veterum

1061 1956 1467 2042 impositum,
1523 1958 2011 2042 Havercampus
2060 1971 2555 2019 monumentum

1052 2062 1130 2123 ,in
1173 2059 1461 2140 Neptuni
1508 2058 1831 2120 honorem
1887 2056 1955 2119 in
2007 2057 2204 2121 litore
2260 2073 2554 2122 erectum

1063 2159 1415 2225 existimat.
1509 2162 1873 2245 Vtrumque
1951 2160 2292 2223 incertum.
2390 2161 2552 2244 Ejus

1063 2284 1292 2329 aversa
1337 2260 1619 2340 Scyllam
1663 2259 1935 2324 horrido
1979 2261 2196 2349 cultu,
2249 2276 2318 2325 et
2357 2261 2557 2326 addu-

1065 2378 1173 2429 cto
1207 2383 1396 2427 remo
1434 2360 1624 2425 obvia
1660 2362 2024 2443 pulsantem
2067 2362 2370 2440 exhibet,
2422 2384 2551 2448 quo

1067 2469 1305 2531 Sextus
1346 2463 1765 2539 detrimenta,
1828 2484 1993 2546 quae
2046 2463 2438 2530 Octavianus
2484 2466 2551 2527 in

1059 2568 1241 2631 freto
1288 2566 1513 2630 Siculo
1555 2585 1637 2628 eo
1680 2566 1831 2649 ipso
1868 2565 2054 2643 loco,
2120 2587 2248 2649 quo
2296 2567 2552 2649 Scyllae

1050 2669 1303 2735 cubilia
1361 2668 1583 2744 fuere,
1625 2668 1944 2750 .accepit,
2020 2669 2354 2751 proposita
2415 2668 2555 2751 ejus

1061 2770 1338 2834 monstri
1381 2769 1663 2853 imagine
1709 2769 1797 2831 ob
1838 2769 2064 2833 oculos
2106 2769 2312 2852 ponit.
2381 2769 2554 2837 Vide

1061 2875 1230 2937 hanc
1309 2870 1651 2936 Octaviani
1735 2870 1987 2935 cladem
2072 2868 2244 2956 apud
2320 2871 2555 2955 Appia-

1048 2986 1237 3045 ,num·
1265 2960 1358 3056 ¹¹).
1430 2973 1534 3035 Ad
1598 2973 1872 3038 eandem
1935 2974 2225 3057 pertinet
2292 2993 2552 3058 quoque

1062 3092 1405 3161 tropaeum
1490 3070 1720 3139 natale
1808 3074 2057 3138 denarii
2142 3079 2252 3141 111.
2375 3073 2556 3137 Istud

1046 3180 1285 3261 Scylla
1341 3192 1701 3241 monstrum
1759 3179 2076 3240 marinum
2120 3179 2248 3261 jam
2297 3198 2377 3240 ex
2421 3179 2557 3238 Ho-
2655 3240 2662 3249 ,

1061 3301 1251 3343 mero
1309 3279 1644 3363 cognitum
1691 3280 1787 3359 ὓ),
1857 3278 1979 3341 sed
2031 3280 2141 3362 qui
2196 3280 2295 3341 illi
2347 3279 2554 3362 pedes

1062 3383 1240 3456 xn„
1287 3394 1352 3442 et
1393 3401 1509 3442 sex
1544 3380 1712 3442 colla
1751 3381 2104 3463 praelonga
2137 3379 2413 3443 totidem
2455 3401 2557 3444 ca·

1061 3482 1309 3569 pitibus
1344 3481 1630 3565 praefixa
1664 3480 1892 3542 tribuit
1926 3481 2325 3545 dissimulata
2361 3481 2559 3565 virgi·

1069 3585 1172 3646 nis
1214 3584 1459 3659 forma,
1506 3603 1696 3666 quam
1731 3580 1904 3644 haud
1946 3582 2141 3647 dubie
2174 3583 2411 3648 Graeci
2448 3603 2564 3666 po·

1068 3685 1386 3748 sterion-es
1435 3682 1798 3766 elegantiae
1843 3685 2045 3767 magis
2081 3685 2355 3749 studiosi
2386 3684 2564 3749 addi·

1063 3786 1313 3863 derint,
1344 3799 1415 3848 ut
1450 3798 1905 3869 argumentum
1936 3786 2180 3869 gratius
2211 3772 2561 3851 variarent.

1044 3888 1330 3972 :Scyllae
1372 3887 1620 3970 imago,
1670 3909 1861 3971 quam
1898 3887 2184 3971 Virgilio
2224 3888 2560 3964 debemus,

1067 3991 1178 4076 qui
1224 4012 1367 4054 eam
1414 4010 1547 4052 non
1584 3991 1804 4052 multis
1851 4004 1999 4074 post
2043 4010 2231 4054 cusos
2283 3990 2405 4053 hos
2447 4010 2565 4051 nu-

1052 4113 1209 4156 :mos
1260 4092 1442 4157 annis
1490 4091 1825 4175 pinxerat,
1880 4090 2087 4176 magis
2142 4111 2291 4154 cum
2343 4092 2560 4154 numis

1063 4195 1394 4279 conspirat
1422 4191 1520 4275 d),

1193 4300 1420 4360 Prima
1448 4295 1741 4359 hominis
1754 4297 2017 4381 facies,
2045 4305 2113 4356 et
2138 4293 2421 4376 pulchro
2449 4315 2558 4378 pe·

1858 4436 1865 4439 Α
1938 4416 1943 4421 ·
1984 4408 2164 4459 ctare
2195 4398 2385 4479 virgo

1140 4645 1204 4715 a)
1241 4640 1393 4697 Plut.
1432 4638 1506 4695 de
1544 4638 1682 4697 solt.
1707 4637 1870 4693 Alex.
1906 4655 1991 4694 or.
2019 4650 2071 4698 2.

1055 4731 1160 4793 111.
1185 4740 1313 4793 428.
1460 4732 1521 4800 e)
1562 4728 1790 4793 Metam.
1817 4726 1973 4785 Xssl.
2005 4740 2130 4791 732.

1064 4820 1179 4877 nic.
1207 4819 1281 4881 V.
1313 4829 1437 4880 155.

2220 4638 2294 4711 b)
2333 4636 2480 4694 Bell.
2521 4637 2631 4695 civ.
2664 4637 2731 4696 L.
2761 4638 2835 4697 V.
2871 4658 2920 4696 c.
2950 4649 3040 4703 81.

2277 4729 2332 4800 s)
2362 4728 2529 4787 Orat.
2558 4725 2741 4787 xxn.
2778 4747 2840 4804 p.
2862 4741 2991 4800 279.

2146 562 2416 643 sex..
2459 538 3091 645 POMPEIVS.

2799 741 2979 804 Pube
3007 750 3254 816 tenus,
3302 750 3641 823 postrema
3689 744 3972 806 immam·
4020 762 4162 804 cor-

3504 864 3666 931 pore
3699 828 3990 928 pibtrix,

2793 943 3206 1024 Delphinum
3260 945 3514 1013 caudas
3559 957 3752 1007 utero
3804 947 4160 1008 commissa

2695 1096 2702 1107 .
3506 1047 3833 1128 luporum.

2664 1143 2890 1227 Lupos
2921 1147 3237 1231 appellat,
3276 1165 3440 1229 quos
3468 1167 3506 1209 a
3538 1146 3808 1210 canibus
3838 1169 3968 1212 una
4000 1148 4155 1211 feri-

2664 1259 2763 1321 tas
2801 1247 3160 1332 distinguit.
3204 1246 3431 1311 Serius
3472 1246 3756 1312 Ovidius
3778 1250 3877 1332 e):

2789 1349 2927 1412 Illa
2956 1350 3145 1432 fen’s
3165 1368 3170 1375 ’
3191 1363 3432 1421 atram>
3462 1352 3741 1413 canibus
3781 1352 4157 1434 incingitur

3449 1500 3455 1507 .
3508 1452 3765 1530 alvum,

2800 1553 3105 1633 Virginis
3145 1572 3272 1614 ora
3306 1571 3565 1633 gerens.

2663 1654 2850 1716 Haec
2902 1653 3028 1716 etsi
3074 1665 3259 1731 nota,
3291 1652 3884 1717 -commemoranda
3934 1667 4155 1724 tamen

2665 1753 3087 1834 videbantur,
3133 1768 3207 1817 ut
3257 1755 3577 1818 artificum
3620 1778 3657 1818 a
3705 1756 4157 1835 vetustissimis

2665 1856 2880 1940 poetis
2934 1855 3366 1939 discrepantia
3419 1858 3485 1918 in
3535 1857 3865 1925 nonnullis
3917 1860 4159 1923 intelli-

2671 1970 2879 2040 gatur,
2914 1979 3104 2041 quam
3133 1958 3203 2020 in
3232 1956 3537 2043 fingenda
3568 1958 3798 2022 eadem
3828 1958 3952 2023 hac
3977 1961 4160 2043 Scyl-

2669 2059 2732 2122 la
2785 2059 2911 2142 jam
2968 2059 3249 2125 advertit
3299 2060 3698 2123 Themistius
3742 2060 3814 2144 ¹).
3891 2062 4155 2125 Similli-

2668 2181 2838 2223 mam
2879 2161 3133 2243 Scyllae
3171 2161 3520 2246 imaginem
3562 2161 3758 2224 habet
3799 2156 3992 2227 etiam
4041 2186 4154 2226 nu-

2667 2284 2811 2324 mus
2859 2263 3046 2325 Tarsi
3097 2262 3397 2339 Ciliciae,
3455 2285 3531 2327 ac
3572 2264 3925 2348 praecipue
3973 2268 4156 2329 numi

2669 2365 3090 2440 contorniati,
3137 2365 3390 2448 Vl‘yssis
3429 2386 3551 2449 per
3586 2366 3825 2429 fretum
3864 2367 4156 2432 Siculum

2669 2469 2834 2542 iter,
2868 2467 3326 2551 sociorumque
3351 2468 3666 2551 jacturam
3701 2469 4011 2552 graphice
4045 2490 4154 2534 ex·

2669 2568 3066 2652 primentes,
3118 2581 3186 2630 et
3235 2568 3464 2633 similis
3512 2570 3905 2655 perelegans
3950 2583 4160 2633 exstat

2670 2671 2843 2731 inter
2878 2670 3161 2753 picturas
3196 2672 3726 2735 Herculanenses
3757 2674 3841 2754 g).
3900 2672 4159 2755 Scyllae

2671 2771 2963 2856 effigiem
3024 2794 3279 2836 remum
3339 2774 3494 2836 alte·
3522 2774 3838 2857 jactantis,
3876 2773 4161 2838 artifices

2670 2894 2816 2937 cum
2888 2874 3100 2957 poetis
3169 2895 3579 2938 communem
3649 2876 3966 2942 habuere.
4049 2876 4162 2940 Sic

2668 2994 2906 3057 nempe
2946 2977 3141 3038 etiam
3180 2976 3419 3059 Syllius
3451 2977 3711 3041 Italicus
3741 2977 3846 3060 ¹1):

2803 3077 3035 3161 Scylla
3062 3099 3278 3161 super,
3290 3081 3523 3163 fracti
3544 3086 3979 3160 contorquens
3999 3101 4165 3162 pon-

3513 3182 3674 3243 dera
3708 3184 3901 3256 remi,

2797 3279 3140 3357 Instabat,
3176 3302 3530 3362 saevosque
3562 3302 3804 3344 canum
3827 3282 4165 3364 pandebat

3517 3385 3764 3447 hiatus.

3398 3483 3437 3521 ἡ

3002 3584 3071 3650 S.
3095 3529 3367 3651 PJMP.
3385 3532 3644 3669 ,οηρηῖ
3655 3587 3905 3650 nudum
3931 3587 4168 3651 barba·

3009 3698 3168 3748 tum.

2682 3789 2860 3854 Sine·
2875 3787 3249 3871 epigraphe.
3294 3786 3507 3853 Navis
3544 3800 3852 3871 turgente
3883 3790 4055 3864 vela,
4093 3795 4170 3853 in

2679 3911 2839 3954 area
2873 3893 3223 3969 triquetra.
3262 3888 3407 3956 AV.
3440 3887 3634 3983 Quin.
3674 3892 3874 3974 (Mus.
3906 3894 3998 3958 M.
4029 3893 4167 3954 Du·

2680 3992 2828 4073 0¹⁸)
2999 4092 3213 4158 MAG.
3234 4094 3454 4160 PIVS.
3483 4094 3659 4159 IMP.
3685 4096 3918 4158 ITER.
3951 4094 4171 4176 Caput

2999 4199 3248 4258 nudum
3279 4197 3575 4290 modeste
3599 4197 3951 4259 barbatum
3981 4198 4169 4258 intra

2997 4316 3309 4359 coronam
3344 4315 3680 4376 quer-nam.

2652 4397 2985 4465 ‚PRAER
3043 4398 3284 4462 CLAS.
3338 4399 3482 4462 ET.
3541 4396 3810 4462 ORAE.
3853 4397 4166 4463 MARIT-

3192 4643 3254 4713 c)
3296 4638 3514 4712 odyss,
3549 4638 3627 4695 Μ.
3655 4647 3748 4701 85.

3137 4731 3204 4805 g)
3242 4730 3413 4787 Tom.
3439 4727 3543 4788 111.
3569 4726 3801 4790 tabat.

3901 4639 3970 4711 d)
4009 4642 4159 4701 Aen.

3949 4729 4022 4802 h)
4039 4731 4168 4787 ·Pu·
