4509 5584
960 549 1050 614 ῖο
2176 519 2840 632 ᾼῩᾷγὸξῖγβ.

964 699 1264 787 Lepidus
1305 695 1647 791 paludatus
1696 693 1764 758 in
1808 691 2085 759 Galliam
2129 705 2199 757 et
2224 689 2463 776 Hispa·

963 804 1140 867 niam
1191 801 1435 865 exisset
1469 802 1550 883 ⁸).
1615 795 2052 884 Sequentibus
2094 794 2253 859 idib.
2287 798 2462 860 Mar·

966 906 1082 971 tiis
1135 902 1460 968 occiditur
1513 901 1776 966 Caesari
1868 897 2109 962 Audita
2152 893 2459 963 avunculi

968 1020 1190 1071 morte
1235 1005 1311 1069 C.
1336 1001 1648 1067 Octavius
1687 997 2034 1065 confestim
2073 1019 2157 1063 ex
2191 998 2459 1082 Illyrico

966 1109 1247 1173 Romam
1333 1103 1726 1187 revertitur,
1799 1112 1870 1165 et
1914 1090 2208 1166 Caesaris
2269 1111 2461 1162 testa·

967 1221 1197 1273 mento
1245 1206 1444 1269 heres
1488 1226 1573 1269 ex
1623 1190 1933 1280 semisse,
1988 1216 2058 1265 et
2101 1202 2170 1264 in
2216 1221 2463 1265 nomen

966 1309 1311 1394 adoptatus
1382 1329 1457 1372 se
1514 1306 1679 1371 dixit
1742 1307 1819 1372 C.
1876 1305 2197 1381 IVLIVM
2262 1301 2467 1367 CAE-

966 1412 1278 1477 SAREM
1323 1408 1941 1481 OCTAVIANVM.
2018 1409 2189 1470 Tum
2230 1402 2466 1467 turbae

968 1535 1120 1581 cum
1193 1498 1652 1590 mamertia,
1735 1508 1850 1597 qui
1912 1527 2062 1573 cum
2119 1505 2279 1572 alias
2341 1523 2470 1589 per

966 1615 1105 1681 vim
1134 1613 1354 1677 omnia
1384 1625 1683 1700 gereret,
1743 1631 1932 1675 ausus
1974 1624 2073 1673 est
2110 1609 2306 1673 etiam
2339 1626 2467 1691 pro

971 1719 1244 1782 decreta
1290 1716 1414 1779 sibi
1434 1718 1485 1779 'a
1522 1727 1751 1778 senatu
1783 1711 2168 1778 Macedonia
2203 1708 2470 1796 provin-

970 1818 1085 1884 cia*
1125 1819 1209 1883 D.
1239 1819 1454 1882 Bruto
1508 1815 1900 1900 Cisalpinam
1961 1812 2240 1877 Galliam
2294 1810 2394 1877 illi
2430 1832 2469 1874 a

968 1923 1254 1987 Caesare
1298 1917 1618 1982 dictatore
1649 1916 2051 2003 adsignatam
2083 1929 2151 1979 et
2175 1936 2213 1979 a
2237 1924 2470 1977 senatu

972 2022 1419 2088 confirmatam
1472 2032 1828 2099 attentare,
1890 2017 2237 2103 ipsumque
2300 2016 2472 2077 Bru·

966 2137 1112 2189 tum
1150 2140 1222 2186 se
1256 2119 1572 2187 adversus
1613 2121 1745 2186 vim
1776 2133 2135 2185 armantem
2172 2115 2468 2179 Mutinae

974 2225 1307 2291 obsidere.
1365 2222 1719 2297 Communi
1766 2221 2037 2285 Antonii
2102 2218 2262 2282 odio
2314 2237 2472 2302 pru·

971 2328 1213 2392 denter
1275 2346 1433 2390 usus
1473 2322 1865 2390 Octavianus
1908 2321 2112 2409 patris
2160 2318 2468 2407 legiones

974 2430 1100 2495 sihi
1130 2425 1443 2493 devincit.

988 2576 1001 2591 ,
1105 2531 1188 2598 V.
1219 2530 1295 2594 C.
1327 2546 1449 2612 7¹·
1516 2527 1601 2593 A.
1635 2520 1720 2593 X.
1757 2524 1864 2603 43.
1919 2526 2021 2591 A.
2068 2522 2340 2599 Hirtio,
2390 2521 2465 2586 0.

978 2634 1182 2698 Vibio
1230 2634 1452 2695 Pansa
1497 2650 1634 2697 cos.
1696 2626 2022 2690 Antonius
2057 2626 2265 2689 hostis
2295 2647 2332 2688 a
2364 2644 2469 2687 se·

975 2747 1133 2798 natu
1186 2731 1529 2818 judicatur.
1598 2727 1935 2793 Adversus
1995 2749 2148 2792 eum
2206 2725 2497 2789 mittun-A

976 2851 1091 2900 tur
1131 2833 1437 2900 consules
1460 2831 1715 2895 Hirtius
1752 2844 1821 2895 et
1846 2831 2093 2907 Pansa,
2133 2828 2363 2914 eisque
2396 2839 2472 2890 ut

978 2936 1375 3003 Octavianus
1403 2954 1526 3020 pro
1564 2947 1871 3020 praetore
1899 2931 2196 3009 adesset,
2242 2928 2476 2993 decer·

978 3039 1181 3104 nitur.
1271 3037 1602 3102 sancitum
1662 3035 1841 3099 istud
1902 3034 2056 3105 VII.
2107 3032 2257 3097 idus
2298 3033 2433 3096 Ian.
2457 3074 2478 3109 ,

980 3154 1052 3207 et
1098 3140 1414 3226 quoniam
1453 3139 1775 3226 permissa
1832 3150 1972 3202 tum
2018 3136 2120 3200 illi
2169 3157 2248 3202 ea
2291 3147 2481 3219 pote·

981 3258 1113 3310 stas
1159 3262 1482 3329 prospere
1526 3242 1756 3319 cessit,
1819 3239 2097 3317 factum,
2171 3254 2246 3304 ut
2294 3239 2478 3305 dein-

983 3367 1141 3432 ceps
1169 3348 1299 3409 Ιιασ
1331 3348 1440 3408 die
1450 3346 1744 3427 primum
1773 3344 2118 3426 imperium
2137 3344 2320 3406 orbis
2348 3355 2480 3407 ter-

982 3468 1215 3512 rarum
1240 3447 1631 3529 auspicatus
1653 3443 2010 3521 diceretur,
2041 3456 2114 3506 ut
2147 3441 2347 3507 docet
2381 3442 2480 3504 in-

983 3550 1174 3636 signe
1226 3567 1518 3612 marmor
1557 3544 1993 3609 Narbonense
2025 3541 2138 3628 ¹³),
2200 3559 2270 3610 et
2305 3545 2486 3629 Fog·

984 3653 1201 3739 ginius
1242 3655 1324 3733 ⁶).
1410 3651 1516 3710 Ex
1581 3649 1799 3732 primo
1856 3646 2148 3721 secundo
2224 3647 2481 3731 praelio

986 3753 1391 3819 Octavianus
1431 3752 1673 3815 Caesar
1722 3771 1852 3812 una
1904 3769 2055 3812 cum
2102 3748 2483 3812 consulibus

987 3856 1233 3920 dicitur
1312 3850 1863 3919 IMPERATOR.
1990 3849 2225 3914 Altero
2313 3849 2485 3935 apud

985 3959 1306 4022 Mutinam
1384 3955 1643 4041 praelio
1714 3954 1951 4022 xvm.
2011 3952 2155 4018 nal.
2217 3953 2379 4037 Maji
2419 3951 2534 4038 ἃ)

988 4061 1252 4147 cogitur
1289 4057 1611 4123 Antonius
1659 4055 1730 4118 in
1783 4055 2037 4119 Galiam
2091 4056 2175 4119 ad
2231 4058 2326 4123 Μ.
2359 4057 2492 4121 Le-

987 4163 1218 4250 pidum
1252 4182 1513 4247 procos.
1546 4159 1784 4244 fugere
1804 4202 1824 4235 ,
1867 4156 1986 4220 sed
2017 4172 2295 4242 uterque
2334 4180 2492 4224 con·

990 4265 1096 4329 sul
1145 4264 1372 4350 paullo
1400 4275 1550 4349 post
1598 4261 1941 4327 victoriam
1988 4280 2071 4324 ex
2102 4261 2487 4325 vulneribus

992 4366 1154 4432 obit.
1245 4364 1662 4431 Consulatum
1710 4364 1780 4425 in
1831 4363 2055 4427 locum
2096 4363 2347 4427 Pansae
2383 4384 2489 4428 re·-

1069 4577 1130 4646 ι)
1166 4571 1433 4648 Pighius.
1596 4570 1676 4645 b)
1711 4570 1931 4629 Gruter
1960 4589 2098 4648 pag.
2125 4581 2250 4646 229.

994 4665 1059 4735 e)
1100 4662 1332 4720 Satura.
1360 4660 1424 4717 L.
1445 4660 1489 4718 1.
1522 4680 1572 4718 c.
1600 4673 1684 4723 ¹2.
1852 4661 1905 4732 f)
1935 4659 2005 4718 L.
2026 4662 2145 4721 LV.
2179 4663 2229 4736 §.
2248 4665 2304 4727 6.

993 4771 1043 4811 e.
1063 4755 1154 4818 65.
1300 4749 1373 4826 lt)
1412 4748 1645 4806 Gruter
1664 4768 1728 4827 p.
1749 4758 1883 4824 298.

2415 4575 2479 4647 c)
2501 4576 2680 4632 fast.
2705 4574 2901 4635 Verrii
2931 4593 3067 4653 pag,
3097 4584 3152 4638 5-

2452 4664 2518 4739 g)
2549 4663 2613 4721 L.
2640 4663 2797 4725 LV1.
2824 4667 2874 4739 §.
2893 4675 2984 4729 30.

2569 706 2900 780 pugnante
2949 694 3231 781 primum
3278 709 3545 775 senatu,
3598 714 3753 762 mox
3786 695 4064 762 admotis

2570 796 2655 862 ad
2693 798 2927 865 urbem
2973 797 3346 886 legionibus
3392 813 3622 867 coacto
3671 798 3799 864 sibi
3842 812 4064 866 extor-

2573 903 2767 987 quet,
2823 921 3108 987 eumque
3163 901 3297 967 adit
3346 903 3638 969 nondum
3689 916 3923 969 exacto
3965 901 4064 968 vi·

2574 1002 2830 1087 gesimo
2877 1004 3103 1069 aetatis
3145 1025 3314 1069 anno
3370 1026 3601 1071 mense
3652 1004 3925 1082 Sextili,
3982 1012 4062 1068 ut

2576 1104 2823 1170 diserte
2848 1104 3221 1170 Macrobius
3263 1108 3319 1188 e)
3341 1152 3360 1185 ,
3404 1121 3473 1172 et
3499 1109 3632 1172 Dio
3674 1104 3764 1191 f),
3824 1117 3895 1171 et
3925 1104 4070 1192 qui·

2578 1204 2733 1270 dem
2782 1205 2891 1271 die
2916 1206 3092 1270 xlx.
3122 1208 3401 1293 Augusti
3429 1209 3708 1273 testibus
3732 1208 3954 1274 Dione
3991 1207 4069 1290 s)

2581 1319 2653 1372 et
2697 1306 2930 1375 (Facito
2971 1305 3040 1393 h)
3084 1322 3314 1374 contra
3366 1311 3732 1389 Velleium,
3791 1308 3906 1398 qui
3956 1307 4073 1374 die

2580 1410 2787 1477 xxn.
2841 1412 3026 1498 Sept.
3077 1410 3309 1475 initum
3363 1410 3443 1477 ab
3502 1432 3587 1476 eo
3640 1413 3816 1477 hunc
3871 1410 4078 1497 magi·

2582 1524 2855 1577 stratum
2903 1511 3102 1578 tradit
3157 1507 3232 1598 i).
3319 1512 3540 1598 Atque
3585 1512 3704 1577 ille
3756 1512 3886 1597 jam
3935 1525 4076 1576 tum

2582 1634 2870 1679 summae
2905 1615 3009 1678 rei
3039 1614 3328 1679 intentus
3353 1635 3505 1679 eum
3537 1614 3826 1679 Antonio
3853 1629 3922 1680 et
3946 1616 4078 1679 Le·

2580 1713 2741 1800 pido
2768 1735 2977 1802 prope
3001 1714 3783 1800 Bononiam-congressus
3817 1735 3893 1780 ac
3925 1734 4081 1780 con·

2583 1816 2838 1882 ciliatus
2885 1814 3304 1883 concordiam
3364 1817 3470 1881 bis
3523 1815 3784 1904 legibus
3836 1815 4080 1892 sancit,

2553 1930 2656 1985 ‘ut
2688 1920 2757 1982 in
2787 1917 3303 2005 quinquennium
3346 1940 3553 2003 aequa
3599 1930 3921 2005 potestate
3956 1938 4082 1981 ,es-

2581 2033 2730 2084 sent
2770 2019 2988 2087 Illviri
3033 2019 3201 2106 reip.
3242 2017 3768 2098 constituendae,
3836 2020 4083 2083 Caesar

2579 2121 2910 2201 Africam,
2964 2120 3290 2201 Siciliam,
3340 2122 3741 2202 Sardiniam,
3781 2120 4081 2206 Lepidus
4171 2124 4182 2131 ’

2580 2223 2961 2309 Hispaniam
2994 2244 3144 2288 cum
3173 2223 3386 2289 Gallia
3421 2222 3869 2303 Narbonensi,
3917 2222 4088 2288 reli-⁶

2582 2348 2742 2413 quas
2815 2325 3061 2421 Callias
3141 2326 3460 2390 Antonius
3519 2316 3962 2405 obtinerent,‘
3992 2321 4076 2386 ad

2579 2428 2747 2493 haec
2779 2428 3071 2514 Lepidus
3103 2428 3335 2492 consul
3370 2428 3522 2493 anni
3551 2427 3891 2516 sequentis
3923 2445 4082 2511 pro·

2577 2529 2839 2596 videret
2869 2529 3093 2594 Italiae
3113 2574 3133 2609 ,
3185 2530 3428 2594 Caesar
3463 2544 3533 2595 ct
3559 2529 3881 2594 Antonius
3911 2529 4082 2591 Bru-

2577 2643 2718 2694 tum
2771 2631 3194 2719 Cassiumque
3246 2631 3429 2696 bello
3495 2642 4080 2717 persequerentur.

2580 2732 2929 2819 Proposita
2968 2754 3121 2797 mox
3159 2731 3415 2815 infamis
3456 2731 3958 2819 proscriptionis
3983 2718 4102 2794 ta?

2582 2834 2758 2902 bula.
2803 2833 2953 2931 Quo
2987 2833 3095 2899 dic
3133 2839 3436 2919 coeperit
3473 2836 3581 2901 hic
3617 2837 3980 2912 Illviratus,
4013 2845 4083 2898 et

2587 2958 2725 3025 quo
2747 2949 3049 3023 tempore
3077 2936 3390 3016 exiverit,
3422 2937 3668 3004 diserte
3696 2936 3894 3004 docet
3915 2957 4114 3007 mar»,

2588 3062 2737 3105 mor
2775 3040 3211 3104 Collotianum
3248 3033 3354 3120 ¹¹)=
3721 3122 3726 3125 ι
4088 3061 4114 3095 ·.

2714 3173 2800 3194 --
2825 3141 3270 3211 AEerVS.
3311 3143 3401 3203 Μ.
3438 3138 3914 3210 ANTomVS.
4077 3126 4156 3201 ‘lr-

3054 3246 3234 3311 mP.
3265 3244 3637 3311 CAESAR.
3755 3306 3762 3311 ,
4092 3240 4159 3323 ’,ρὲ

2589 3346 2854 3416 mvffl.
2914 3346 2998 3407 R.
3046 3344 3128 3410 P.
3178 3345 3253 3412 C.
3305 3346 3447 3409 Ex,
3482 3347 3581 3410 Ἄ.
3624 3346 3710 3409 D.
3748 3343 3834 3412 V.
3879 3340 4080 3411 RAL.

2814 3447 3018 3512 DEC.
3061 3448 3206 3513 AD.
3251 3448 3391 3511 PR.
3434 3448 3634 3516 ΗΑΒ.
3681 3447 3857 3517 IAN.

3215 3548 3473 3618 sssx'r.

2593 3652 2779 3735 Ergo
2844 3645 3172 3733 designati
3218 3649 3411 3715 fuere
3466 3650 3688 3718 Illviri
3748 3673 3787 3716 a
3843 3649 3953 3715 die
4001 3650 4086 3718 V.

2594 3752 2739 3819 Καὶ.
2763 3732 2954 3816 stDec.
2987 3753 3074 3820 V.
3105 3754 3179 3819 C.
3213 3775 3333 3836 7¹¹
3378 3775 3588 3841 usque
3622 3753 3708 3819 ad
3749 3752 3927 3819 diem
3955 3751 4092 3840 pri-

2599 3852 2708 3918 die
2735 3853 3048 3919 Ral>lan.
3082 3855 3168 3922 V.
3203 3855 3276 3918 C.
3310 3854 3460 3941 716.
3927 3840 3938 3855 ³

2723 3958 2808 4025 V.
2843 3943 2918 4021 C.
2947 3974 3076 4039 7¹²
3118 3958 3200 4021 A.
3222 3957 3305 4019 X.
3333 3965 3437 4033 4³·
3486 3957 3589 4023 M.
3629 3958 3933 4022 Aemilio
3970 3955 4097 4022 Lc-

2593 4060 2758 4141 pz'do
2786 4059 2882 4124 II.
2921 4059 3004 4124 L.
3047 4062 3368 4123 Munatio
3417 4060 3668 4123 Planco
3704 4081 3841 4126 cos.
3891 4062 4097 4123 Anto·

2600 4159 2782 4237 nius,
2857 4173 2926 4224 et
2981 4160 3222 4226 Caesar
3278 4162 3554 4224 Brutum
3578 4206 3597 4239 ,
3674 4173 3743 4223 et
3802 4162 4097 4226 Cassium

2603 4261 2773 4347 apud
2792 4261 3134 4349 Philippos
3161 4262 3587 4327 Macedoniae
3614 4262 3901 4342 vincunt,
3939 4282 4099 4350 quo-

2601 4385 2751 4429 rum
2776 4378 3055 4451 uterque
3083 4378 3366 4429 mortem
3408 4364 3533 4428 sibi
3565 4364 3930 4430 consciscit.
3969 4367 4099 4429 Po·-
4235 4410 4244 4419 .

3320 4572 3390 4645 d)
3433 4569 3932 4632 Ovid.Fast.1V.
3966 4576 4132 4638 627..-

3131 4662 3205 4737 h)
3236 4662 3389 4719 Am».
3421 4662 3562 4719 1..1.
3589 4680 3641 4719 c.
3660 4673 3720 4735 9.
3861 4663 4102 4739 i)1..11.
