4509 5584
754 4801 793 4813 s..

956 511 1100 590 259

3463 384 3504 400 ρ

2182 485 2836 567 CALIGVLA.

856 664 863 672 ’
958 667 1190 732 Natam
1212 679 1217 686 ·
1239 683 1323 726 ex
1372 681 1449 724 ea
1496 656 1745 733 filiam,¹¹
1789 639 2160 744 dictamque
2196 658 2448 722 Iuliam
2489 649 2500 660 ⁸
2559 661 2823 747 plicato.
2928 656 3218 724 Dubium
3286 658 3494 745 igitur
3561 662 3698 723 non
3767 658 4046 738 videtur,

956 767 1337 832 ,Drusillam
1393 782 1518 846 per
1559 760 1848 824 omnium
1890 759 2160 824 dearum
2203 760 2448 844 templa
2562 783 2645 826 eo
2704 776 2862 846 typo
2917 760 3191 828 indicari
3255 778 3403 828 vota
3447 785 3486 827 a
3527 759 3781 828 colonis
3822 764 4044 830 Novae

961 866 1433 936 circumferens
1512 859 1852 927 Minervae
1925 861 2199 947 gremio'
2242 864 2450 945 impo-

2562 864 3008 949 Carthaginis‚
3071 867 3254 950 cujus
3300 879 3400 929 est
3441 866 3551 930 hie
3591 886 3864 944 numus,
3920 886 4043 950 pro

965 970 1128 1048 suit,
1208 989 1280 1040 se
1339 980 1556 1042 autem
1614 963 2042 1028 indubitatum
2101 964 2242 1050 ejus
2301 983 2447 1029 esse
2559 966 2841 1052 Augusti
2876 968 3082 1032 salute
3126 980 3480 1051 concepta,
3532 968 3602 1029 in
3632 964 4044 1052 cnjus-fidem

956 1087 1214 1160 patrem
1270 1070 1457 1133 nullo
1517 1066 1805 1133 certiore
1864 1066 2106 1144 indicio
2149 1065 2445 1152 agnovit,

957 1197 1152 1263 quam
1181 1172 1495 1251 feritatis3
1544 1190 1693 1233 nam
1723 1169 1979 1233 infestis
2006 1167 2224 1252 digitis
2258 1168 2326 1230 in
2358 1169 2453 1230 in-

956 1276 1229 1341 fantium
1261 1296 1389 1338 una
1417 1271 1782 1336 ludentium
1810 1292 1883 1335 os
1918 1269 2110 1334 solita
2139 1284 2240 1335 est
2269 1270 2453 1338 invo-

955 1379 1096 1442 lare
1140 1377 1222 1458 ⁸).
1291 1377 1498 1438 Caeso
1546 1373 1842 1457 Caligula
1882 1373 2147 1458 periere
2188 1392 2453 1458 qnoque

958 1501 1162 1558 uxor,
1203 1491 1269 1540 et
1301 1476 1435 1540 filia
1464 1459 1756 1566 Drusilla
1790 1472 1953 1538 haec
1987 1474 2224 1560 parieti
2262 1474 2454 1554 illisa,

958 1582 1074 1649 illa
1105 1603 1145 1647 a
1178 1578 1564 1648 centurione
1596 1574 1899 1642 confossa
1925 1573 2016 1659 b).

1255 1782 1486 1867 Numi,
1511 1782 1878 1845 Caesonine
1907 1783 2165 1846 tributi.

1244 1945 1696 2049 nemean.
1728 1983 1932 2051 Ave.
1969 1981 2453 2061 Grumum.

1243 2088 1425 2152 IMP.
1452 2087 1529 2153 P.
1564 2089 1655 2149 M.
1691 2087 1835 2150 ΤΒ.
1865 2086 1941 2152 Ρ.
1972 2085 2162 2151 COS.
2239 2088 2459 2171 Caput

1056 2269 1067 2276 ο
1243 2189 1645 2250 laureatum.

964 2293 1097 2358 CN.
1149 2291 1415 2355 ATEL.
1466 2290 1721 2356 FLAC.
1769 2291 1903 2355 CN.
1950 2288 2167 2356 POM.
2199 2289 2453 2355 FLAG.

960 2389 1195 2464 nvffl.
1245 2392 1328 2486 Q.
1367 2391 1453 2459 V.
1484 2390 1536 2455 I.
1587 2392 1666 2454 N.
1720 2391 1796 2454 C.
1883 2393 2098 2474 Caput
2137 2392 2458 2454 muliebre

964 2498 1233 2571 nudum,
1258 2496 1460 2570 juxta
1484 2494 1695 2571 quod:
1738 2493 1928 2560 SAL.
1958 2490 2163 2560 AVG.
2208 2491 2346 2554 AE.
2376 2494 2454 2555 11.

965 2597 1238 2679 (Florcz
1268 2593 1397 2657 tab.
1427 2589 1636 2664 xvn.
1660 2615 1724 2659 n.
1745 2599 1844 2677 7.)

1024 2696 1517 2775 ‚Vaillantius‚
1590 2698 1943 2781 Begerus,
1996 2639 2452 2781 Schlegelius,

2564 1069 2893 1153 conjungo
2919 1068 3414 1153 inscriptionem
3449 1089 3532 1134 ex
3555 1068 3918 1134 Muratorio
3937 1068 4047 1133 de-

2562 1182 2931 1254 promptam
2963 1169 3064 1252 d)=
3098 1197 3106 1204 ·

2568 1272 2643 1338 C.
2680 1273 3045 1336 CAESAR.
3099 1273 3304 1340 AVG.
3349 1271 3827 1338 GERMANIC.
3872 1275 4048 1339 IMP.

2781 1441 2786 1445 .
2950 1375 3028 1443 P.
3060 1377 3149 1436 Μ.
3188 1377 3328 1438 ΤΒ.
3367 1377 3445 1440 Ρ.
3484 1373 3677 1441 COS.

2570 1475 2708 1545 CN.
2744 1476 2984 1541 ATEI.
3021 1475 3277 1538 FLAC.
3319 1477 3456 1541 CN.
3486 1474 3756 1543 POMP.
3804 1473 4055 1543 FLAC.

2924 1561 3159 1648 fivm.
3197 1574 3280 1672 Q.
3312 1577 3398 1642 v,
3427 1580 3482 1643 1.
3508 1579 3590 1643 N.
3620 1578 3697 1646 e.

3107 1677 3294 1744 SAL.
3334 1678 3542 1747 AVG.

2568 1778 2878 1840 Testatur
2954 1781 3385 1857 muratorius,
3457 1779 3587 1844 hoc
3663 1780 4059 1865 epigramma

2471 1877 2476 1888 ’
2567 1893 2827 1943 exstare
2881 1880 3250 1945 Cordubae
3286 1882 3352 1943 in
3397 1880 3677 1966 quodam
3718 1901 3898 1949 vase.
3981 1880 4052 1943 Si

2568 2001 2801 2046 verum
2836 1995 2936 2044 est
2981 1982 3110 2048 hoc
3145 1982 3494 2060 indicium,
3553 1985 3726 2064 (nam
3768 1985 3931 2047 mira
3961 2006 4055 2046 sa·

2569 2102 2661 2146 ne
2701 2082 3000 2147 videatur
3038 2097 3170 2147 tam
3214 2085 3530 2170 religiosa
3576 2085 3927 2149 concordia
3962 2085 4054 2146 in-

2570 2183 2996 2268 scriptionum
3046 2177 3174 2248 tam
3226 2188 3293 2248 in
3347 2208 3606 2265 numo‚·
3640 2209 3831 2274 quam
3869 2189 4052 2268 vase)

2571 2281 2925 2363 docemur,
2993 2305 3228 2352 revera
3286 2308 3411 2372 pro
3462 2289 3773 2374 principis
3848 2288 4055 2351 salute

2570 2387 2744 2470 apud
2786 2388 3243 2471 Carthaginem
3287 2390 3550 2475 publice
3593 2388 4059 2465 sacrificatum,

2573 2502 2641 2551 et
2690 2489 3060 2569 excluditur
3112 2490 3321 2554 omnis
3372 2492 3455 2555 de
3493 2492 3826 2581 Caligulae
3861 2489 4064 2576 quali-

2570 2610 2829 2676 cunque
2894 2611 3104 2655 uxore
3162 2593 3468 2677 suspicio.
3551 2593 3728 2656 Male
3773 2595 4060 2656 Murato-

2569 2693 2706 2757 rius
2726 2706 3087 2777 postremas
3112 2695 3382 2757 secundi
3420 2717 3646 2762 versus
3670 2695 3895 2758 literas
3915 2714 4067 2756 con·

962 2754 1202 2886 aliique
1229 2798 1439 2882 capite
1464 2818 1731 2863 aversae
1752 2797 2051 2862 exhiberi
2071 2797 2455 2861 Caesoniam
2564 2791 2817 2880 jungit,
2895 2806 2965 2857 et
3030 2794 3387 2879 legendum
3455 2799 3758 2882 opinatur
3818 2796 4062 2893 QVIN-

966 2901 1313 2968 credidere
1354 2902 1617 2965 Salutis
1644 2902 1957 2982 Augusti
1989 2900 2257 2964 nomine
2287 2900 2464 2965 vela·

963 3019 1133 3084 tam,
1168 3018 1239 3068 ut
1264 3004 1421 3067 olim
1451 3002 1729 3066 Liviam.
1789 3003 2041 3066 Eorum
2074 3002 2461 3065 sententiam

965 3111 1092 3194 jam
1130 3104 1529 3192 impugnavit
1565 3104 1934 3181 Florezius‚
1978 3105 2279 3190 quoniam
2315 3104 2464 3166 titu-

965 3213 1020 3274 li
1060 3210 1211 3284 trib.
1256 3206 1636 3293 potestatis,
1699 3219 1767 3268 et
1803 3207 2176 3270 consulatus
2221 3205 2467 3289 simpli-

973 3313 1068 3378 cis
1112 3313 1179 3374 in
1224 3309 1506 3393 primum
1551 3306 1886 3390 Caligulae
1929 3319 2166 3370 annum
2201 3308 2462 3377 cadunt.

972 3411 1062 3477 At
1103 3417 1160 3475 is
1203 3400 1584 3475 Caesoniam
1627 3410 1888 3472 nonnisi
1928 3411 2010 3476 V.
2056 3410 2128 3473 C.
2179 3428 2303 3491 7q2
2351 3408 2467 3472 du-

974 3515 1103 3591 xit,
1172 3514 1329 3598 quin
1386 3511 1609 3574 uxoris
1670 3531 1812 3574 eam
1856 3511 2121 3573 nomine
2166 3510 2465 3595 dignatus

972 3617 1256 3703 primum
1301 3626 1435 3689 est,
1477 3624 1899 3698 posteaquam
1940 3612 2298 3676 Drusillam
2336 3614 2468 3676 eni·

874 3801 881 3806 ‘
972 3741 1054 3783 xa
1091 3732 1223 3794 est,
1269 3719 1394 3779 etsi
1436 3713 1612 3776 istud·
1645 3713 1920 3798 contigit
1952 3713 2287 3779 tricesimo
2323 3729 2471 3798 post

934 3840 1119 3914 ‘eam
1175 3820 1435 3883 ductam
1490 3815 1598 3879 die
1647 3817 1731 3898 ο).
1813 3815 2038 3897 Addo,
2121 3819 2189 3879 in
2257 3818 2470 3894 numis

983 3920 1319 4006 Caligulae
1337 3918 1420 3988 V.
1447 3920 1521 3984 C.
1552 3936 1678 4001 792
1725 3916 1992 4003 signatis
2022 3939 2157 3983 non
2192 3919 2470 4004 amplius

976 4025 1115 4109 l‘egi
1190 4022 1468 4087 titulum·
1521 4020 1944 4099 Germanici,
2018 4033 2086 4086 et
2139 4034 2280 4085 tum
2339 4023 2470 4106 jam

979 4139 1361 4192 constanter
1382 4123 1644 4188 titulum
1675 4125 1899 4186 Patris
1919 4127 2209 4205 patriae.
2273 4124 2467 4193 Vnde

975 4216 1184 4314 patet,
1241 4247 1511 4292 numum
1568 4224 1891 4311 signatum
1949 4226 2163 4311 primo
2207 4225 2470 4311 imperii
2537 4299 2546 4304 ,

980 4350 1181 4409 anno,
1246 4327 1547 4413 Caligula·
1590 4343 1739 4392 tum
1794 4327 1935 4392 aliis
1978 4329 2309 4393 amoribus
2350 4329 2478 4394 im-

1018 4545 1025 4552 '
1057 4539 1120 4608 a)
1163 4536 1331 4603 Suet.
1360 4556 1419 4593 c.
1432 4547 1523 4599 25.

976 4626 1029 4686 1.
1055 4644 1105 4683 c.
1139 4629 1173 4697 §
1201 4637 1297 4688 23.

982 4734 1118 4793 pag.
1139 4725 1267 4778 400.

1525 4623 1593 4698 d)
1628 4643 1766 4703 pag.
1789 4637 1927 4692 225.

1735 4536 1804 4608 b)
1848 4536 2007 4594 Suet.
2040 4556 2093 4596 c.
2109 4548 2200 4611 59.
2227 4537 2344 4595 Dio
2383 4538 2612 4598 L.L1X.
2650 4543 2684 4612 §
2715 4553 2805 4615 29.
2835 4543 3069 4619 Ioseph.
3104 4546 3148 4604 Ι.
3180 4564 3231 4604 c.

2148 4628 2212 4701 e)
2253 4627 2429 4687 Mem.
2462 4628 2754 4690 Trevoux.
2792 4630 3020 4692 Octob.
3038 4647 3202 4699 1737.

2578 2895 2978 2987 Quennales,
3011 2916 3159 2959 cum
3193 2898 3543 2986 legendum
3570 2900 3654 2964 sit
3684 2898 4065 2993 Qm'nquen·

2577 2998 2765 3060 noles
2789 2998 3116 3064 victricis
3136 3003 3347 3064 Iuliae
3365 3003 3419 3063 N
3429 3026 3588 3067 onae
3605 3003 4063 3086 Carthaginis,

2578 3109 2651 3163 ιἰτ
2678 3100 2749 3161 in
2781 3100 2970 3182 hujus
3000 3103 3212 3164 numia
3247 3103 3544 3167 diximus.

2702 3202 3010 3265 Panelius
3073 3204 3141 3266 in
3187 3207 3479 3289 catalogo
3540 3203 3751 3271 musei
3791 3206 3857 3268 le
3899 3205 4065 3270 Bret

2577 3325 2846 3368 numum
2896 3326 3166 3371 aureum
3213 3307 3421 3387 dedit,
3483 3309 3552 3370 in
3604 3328 3735 3396 quo
3773 3307 3931 3371 hinc
3965 3327 4067 3369 ca·

2578 3417 2698 3489 put
2748 3408 3148 3490 Caesoniae,
3199 3409 3381 3474 illinc
3435 3410 3807 3495 Caligulae,
3862 3409 4070 3474 addit-

2580 3528 2751 3592 que,
2823 3510 3119 3592 pluribus
3188 3533 3339 3576 eum
3395 3513 3769 3598 antiquariis
3834 3510 4068 3596 proba-

2582 3611 2647 3672 ri
2685 3612 2770 3692 θ).
2843 3614 3112 3685 Interim
3157 3608 3351 3679 liceat
3392 3615 3475 3679 de
3526 3616 3667 3699 ejus
3717 3614 3847 3680 fide
3881 3616 4066 3678 dubi-

2582 3725 2764 3788 tare,
2829 3716 3181 3801 praecipue
3253 3739 3400 3780 cum
3457 3723 3681 3784 narret
3732 3719 3819 3787 cl.
3860 3720 4070 3783 Beau·

2586 3816 2748 3891 vais,
2807 3833 3213 3902 compertum
3272 3821 3516 3900 serius,
3591 3843 3736 3886 esse
3781 3821 4067 3912 'numum

2582 3917 2985 4003 Agrippinae
3059 3920 3368 4001 senioris,
3428 3937 3498 3987 et
3551 3945 3678 4009 per
3734 3940 3940 3992 artem
4000 3928 4069 3992 in

2585 4020 2969 4092 Caesoniam
2988 4038 3300 4091 mutatum
3337 4023 3422 4116 ί).

2810 4189 3332 4284 DRVSILLA.
3362 4194 3728 4285 Caesonine
3756 4220 3832 4287 F:

2705 4331 2813 4397 De
2867 4333 3080 4400 numia
3134 4335 3287 4402 huic
3349 4337 3642 4423 tributis,
3716 4336 3838 4405 sed
3872 4339 4071 4404 'haud

3454 4550 3517 4621 c)
3557 4548 3720 4610 Suet.
3750 4568 3802 4609 c.
3824 4560 3919 4615 25.
3954 4550 4078 4608 Dio

3413 4636 3471 4712 f)
3506 4639 3745 4718 Abte&
3766 4643 3940 4699 Tum.
3969 4641 4076 4704 111.
