4509 5584
1791 568 2155 645 121V1A·

2000 730 2181 822 ‘pina
2224 712 2554 802 extollere
2584 712 2835 819 altius,
2885 755 3199 825 empento
3251 730 3519 830 Capito·-

390 729 592 809 «nuti,
640 724 811 799 sevo
835 730 1096 814 extriti,
1140 744 1247 817 et,
1294 729 1474 822 quod
1502 733 1651 801 seri
1672 733 1902 815 fatale,

414 852 618 899 exesi.
880 898 892 913 χ

530 936 787 1003 ,Nomos
846 933 1008 1001 alios
1052 930 1136 999 ad
1175 934 1344 1001 hanc
1393 956 1653 1003 causam
1700 940 1903 1024 perti-

406 1020 841 1115 nentes'vide
882 1038 953 1101 in
998 1037 1215 1101 numis
1244 1039 1561 1123 proximis
1602 1059 1750 1104 cum
1785 1062 1903 1106 no-

406 1139 583 1204 mine
621 1142 830 1207 Iuliae
861 1141 1215 1226 Augustae.

526 1445 602 1509 In
655 1465 856 1510 numo
906 1444 1146 1531 Cypri,
1217 1449 1417 1530 quem
1460 1442 1784 1532 descripsi
1832 1442 1900 1508 iu

398 1558 665 1613 moneta
697 1548 892 1633 hujus
936 1546 1230 1627 insulse,
1273 1559 1409 1613 est:
1464 1532 1733 1622 le'lA.
1768 1549 1900 1609 m.

395 1647 745 1715 Peroeoris
774 1651 1164 1732 CAESqris.

326 1756 335 1762 '
532 1752 850 1815 Coloniae
881 1771 1150 1815 numum
1180 1769 1332 1816 cum
1366 1747 1633 1815 nomine
1666 1747 1893 1818 Liviae

392 1849 688 1916 nondum
714 1853 949 1923 videre
980 1852 1189 1919 licuit.

461 2157 731 2221 nomine
772 2052 1819 2220 JVLIssZ‘AVGVSTAE

671 2270 937 2322 mortuo
970 2258 1293 2340 Augusto
1316 2257 1601 2342 signati.

517 2454 728 2524 Numi
764 2460 1117 2522 commatis
1157 2458 1465 2524 Romani·

628 2559 697 2622 S.
735 2560 812 2623 P.
855 2557 940 2655 Q.
976 2561 1063 2623 R.
1113 2560 1438 2628 IVLIAE.
1498 2556 1882 2628 AVGVST.

634 2663 1037 2742 Carpentum
1064 2683 1107 2722 a
1129 2662 1306 2724 binis
1333 2661 1538 2724 mulis
1569 2674 1884 2725 tractum.

379 2763 500 2830 TI.
562 2762 929 2828 CAESAR.
986 2763 1193 2830 DIVI.
1252 2761 1332 2825 F.
1381 2761 1764 2831 Avas'r.
1806 2762 1884 2824 1².

376 2864 491 2929 11.-
528 2867 669 2929 TR.
696 2864 908 2931 POT.
951 2865 1216 2931 xx1111.
1263 2867 1341 2927 ln
1376 2866 1629 2928 medio:
1688 2863 1762 2934 S.
1801 2863 1877 2931 C.

376 2967 525 3028 ΔΕ.
550 2969 602 3031 Ῑ.
639 2968 839 3048 (Mus.
874 2964 1094 3044 Caes.)

376 3086 395 3095 ·
511 3066 615 3128 Ex
673 3065 889 3129 addita
956 3065 1111 3133 trib.
1172 3078 1499 3153 potestate
1567 3064 1876 3141 xxnu„

374 3188 576 3251 quam
636 3165 944 3229 Tiberius
996 3168 1364 3233 numeravit
1421 3167 1606 3230 annis
1657 3166 1743 3234 V.
1798 3164 1874 3232 C.

374 3271 508 3352 ¹775
540 3280 607 3331 et
636 3268 799 3350 776,
844 3281 1052 3351 patet,
1114 3288 1384 3332 numum
1433 3269 1755 3353 signatum
1784 3266 1878 3331 vi-

371 3389 463 3434 va
500 3366 717 3433 adhuc
758 3369 952 3447 Iulia,
1011 3391 1201 3454 quam
1246 3370 1510 3434 demum
1550 3382 1874 3431 mortuam

375 3468 467 3539 V.
519 3463 596 3537 G.
643 3472 771 3553 782
822 3492 1015 3557 snpra
1070 3472 1372 3539 diximus.
1473 3471 1873 3557 Carpentum

370 3573 580 3657 partis
674 3573 927 3639 anticae
1019 3574 1225 3639 habiti
1317 3571 1593 3637 honoris
1668 3569 1873 3639 divini

370 3672 691 3737 indicium
757 3675 973 3739 videri
1028 3689 1288 3763 posset,
1354 3688 1428 3738 ut
1483 3695 1731 3745 revera,
1778 3674 1878 3740 vi·

376 3796 523 3838 sum
573 3775 873 3854 Nunnio,
938 3779 1090 3862 quia
1137 3777 1207 3839 in
1260 3777 1475 3840 numis
1527 3795 1875 3840 consecra·

370 3874 572 3940 tionis
608 3878 812 3941 Iuliae
849 3879 983 3940 Titi
1022 3898 1284 3963 quoque
1324 3878 1590 3958 visitur,
1635 3897 1869 3940 verum

372 3991 647 4058 constat,
685 3980 880 4042 etiam
912 3978 1077 4044 vivis
1104 3979 1275 4042 hunc
1314 3979 1633 4043 honorem
1663 3977 1867 4044 fuisse

374 4083 799 4166 permissum,
844 4094 953 4143 aut
986 4080 1110 4144 sibi
1147 4081 1566 4165 adrogatum,
1617 4080 1772 4163 quin
1800 4093 1872 4143 et

304 4178 313 4187 ⁹
370 4180 715 4248 decretum
749 4184 1055 4260 mortuis,
1097 4183 1223 4246 etsi
1262 4204 1394 4245 non
1430 4183 1866 4260 consecratis,

309 4296 323 4311 ⁸
370 4298 446 4351 ut
499 4284 798 4370 pluribus
847 4284 1279 4370 disputabitur
1328 4282 1496 4348 ini'ra
1536 4284 1603 4346 in
1650 4285 1864 4346 numia

368 4386 774 4452 Domitillae.
844 4388 951 4451 De
995 4386 1354 4471 Agrippina
1388 4384 1642 4450 Claudii
1678 4386 1864 4450 Taci-

366 4502 472 4553 tus
514 4491 615 4572 ·)t
696 4488 905 4553 Suum
936 4507 1190 4570 quoque
1202 4491 1576 4574 fastigium
1612 4470 1866 4574 Agripss

438 4717 502 4791 ι)
537 4716 690 4775 Anu.
714 4712 859 4773 x11.-
883 4724 975 4777 Μ.
1087 4713 1159 4788 b)
1196 4714 1263 4775 L.
1280 4712 1538 4777 mxlv.
1575 4737 1626 4775 c.
1652 4728 1699 4778 t.

356 4809 520 4880 για.
631 4804 687 4875 f)
724 4805 877 4862 Anu.
902 4804 1006 4865 111.
1037 4806 1126 4870 64·

1814 4721 1879 4787 e)
1916 4713 1981 4771 1..
2002 4708 2134 4771 Lx:
2151 4712 2201 4790 §-
2220 4722 2310 4779 33.

3352 590 3522 676 “1249

2013 841 2185 909 Itium
2207 843 2490 922 ingredi,
2508 844 2624 921 qui
2643 862 2790 905 mos
2809 844 3290 922 sacerdotibus,
3318 857 3387 907 et
3413 850 3522 909 ια’·

2017 946 2156 1005 cris
2200 943 2581 1020 antiquitus
2619 963 2989 1009 concessus.
3047 939 3388 1013 *Veterem
3422 943 3519 1007 le-

2017 1060 2170 1126 gem
2208 1043 2443 1106 recitat
2485 1043 2713 1111 Livius
2756 1041 2858 1126 b)t
2946 1065 3041 1111 πο,
3084 1063 3218 1125 qua
3267 1045 3514 1110 multer

2005 1144 2241 1224 juncto
2283 1145 2583 1209 vehiculo
2632 1148 2705 1209 in
2751 1146 2947 1226 urbe,
2995 1149 3135 1208 nisi
3172 1165 3513 1208 sacrorum

2007 1244 2425 1327 publicorum
2447 1266 2658 1308 causa
2683 1247 3053 1310 veheretur.
3099 1245 3186 1308 At
3212 1244 3344 1307 Dio
3368 1266 3515 1310 nar·

2011 1357 2115 1407 rat
2156 1346 2255 1426 0),
2315 1343 2720 1429 Agrippinae
2797 1345 3095 1431 carpenti
3149 1346 3469 1409 honorem
3492 1392 3513 1426 ,

2012 1465 2146 1531 quo
2190 1445 2257 1507 in
2293 1445 2466 1510 ludis
2511 1448 2907 1526 veheretur,
2960 1469 2997 1510 a
3034 1462 3261 1513 senatu
3293 1449 3510 1515 ‘fuisse

2010 1545 2379 1612 decretum.
2460 1549 2566 1612 De
2627 1548 2976 1612 Messalina
3031 1538 3288 1612 Claudii
3346 1551 3510 1615 Sue·

2006 1648 2227 1712 tonius
2274 1646 2381 1733 d):
2441 1670 2706 1711 currum
2748 1649 2890 1726 ejus
2923 1650 3300 1714 Messalina
3333 1672 3508 1717 uxor

2009 1762 2325 1831 carpento
2358 1760 2590 1812 secuta
2620 1760 2741 1817 est.
2787 1749 2876 1812 Et
2904 1749 3037 1814 Dio
3080 1749 3177 1832 e),
3220 1750 3511 1816 Senatus

2007 1850 2431 1913 Messalinae
2464 1852 2755 1931 primum
2794 1853 2868 1913 in
2904 1869 3216 1914 consessu
3243 1852 3503 1928 locum,

2002 1968 2197 2030 quem
2245 1962 2316 2014 et
2359 1951 2565 2013 Livia
2622 1950 2893 2026 habuit,
2952 1962 3020 2013 et
3061 1963 3139 2014 ut
3187 1965 3503 2031 carpento

2003 2060 2336 2126 uteretur,
2372 2051 2676 2116 decrevit.
2722 2050 2855 2113 Iam
2887 2069 3051 2114 vero
3089 2048 3315 2115 Liviae
3349 2050 3502 2114 fuis·

2002 2168 2075 2211 se
2111 2147 2432 2211 indultum
2466 2151 2760 2233 carpenti
2805 2153 3166 2228 honorem,
3212 2165 3506 2235 praeter-

2000 2267 2194 2336 quam
2265 2249 2443 2336 quod
2511 2251 2688 2313 istud
2752 2251 3037 2316 reticent
3104 2254 3502 2337 scriptores,

2002 2352 2196 2414 etiam
2252 2371 2337 2414 eo
2392 2352 2657 2415 nomine
2706 2366 2924 2439 potest
2966 2353 3243 2438 ambigi,
3321 2354 3504 2438 quod

1997 2452 2270 2517 nolebat
2313 2453 2622 2517 Tiberius
2667 2454 3036 2518 immodicis
3098 2456 3501 2522 ornamentis

1999 2570 2275 2618 matrem
2300 2554 2727 2640 impotentem
2751 2556 2965 2635 efferi,
2987 2578 3206 2643 neque
3231 2557 3403 2621 istud
3428 2558 3498 2621 in

1996 2656 2369 2735 Messalina,
2407 2671 2473 2720 et
2504 2658 2866 2742 Agrippina
2896 2660 3309 2742 arrogantiae
3343 2659 3498 2723 fuis—

1996 2771 2102 2820 set
2146 2771 2640 2841 argumentum,
2698 2773 2764 2821 et
2819 2773 3093 2843 propter
3137 2762 3494 2835 novitatem

1993 2859 2420 2944 culpandum,
2455 2861 2511 2922 si
2549 2861 2678 2944 jam
2712 2860 2914 2923 Iuliae
2953 2861 3184 2925 suisset
3222 2862 3497 2946 permis-

1991 2982 2159 3025 sum.
2260 2961 2639 3024 Flauiorem
2732 2961 3104 3046 explicandi
3195 2963 3494 3046 carpenti

1988 3062 2159 3127 viam
2212 3063 2583 3147 suppeditat
2624 3063 2889 3126 Tacitus
2942 3062 3019 3145 f).
3099 3064 3335 3127 Refert
3385 3065 3494 3128 hic

1987 3164 2071 3228 ad
2107 3166 2192 3232 V.
2222 3162 2299 3232 C.
2359 3166 2520 3248 775,
2573 3167 2801 3228 Iuliam
2857 3165 3217 3250 Augustam
3267 3176 3490 3232 atroce

1985 3266 2364 3333 valetudine
2427 3266 2630 3329 fuisse
2695 3271 3049 3344 tentatam,'
3097 3281 3291 3353 atque
3353 3284 3491 3333 tum

1983 3371 2318 3452 supplicia
2359 3370 2525 3445 diis,
2575 3369 2895 3448 ludosque
2924 3387 3201 3450 magnos
3231 3391 3273 3430 a
3302 3392 3491 3433 sena·

1984 3480 2062 3535 tu
2094 3473 2409 3533 decretos.
2487 3472 2747 3535 Revera
2788 3469 2857 3530 in
2894 3469 3177 3533 eundem
3213 3492 3486 3549 annum,

1982 3583 2057 3635 ut
2100 3558 2266 3648 aina,
2323 3571 2566 3656 scripta
2622 3572 2698 3633 iu
2749 3592 2952 3634 numo
2995 3570 3147 3637 trib.
3193 3585 3486 3654 potestas

1982 3644 2254 3739 ΧΧΠῙῙ.
2293 3671 2545 3740 incidit.
2617 3673 2705 3736 At
2740 3674 2882 3757 quis
2915 3673 3211 3756 ignorat,
3253 3675 3485 3739 tamin

1983 3774 2603 3857 supplicationibus,
2683 3796 2877 3858 quam
2940 3773 3136 3839 ludis.
3175 3791 3484 3859 carpenta

1980 3874 2354 3959 procedere
2412 3876 2646 3940 solita?
2712 3875 2909 3938 Numi
2952 3875 3156 3957 igitur
3205 3889 3336 3947 tam
3369 3880 3482 3941 ‚in-

1980 3976 2287 4060 scriptio,
2368 3999 2559 4063 quam
2619 3990 2810 4061 typus
2878 3976 3212 4041 declarant
3276 3981 3479 4059 illud,

1980 4079 2156 4163 quod
2184 4078 2425 4141 factum
2458 4101 2692 4144 revera
2724 4076 2970 4141 adserit
3002 4078 3286 4146 Tacitus.
3357 4082 3481 4144 Ce-

1976 4193 2195 4245 terum
2221 4178 2492 4243 difficile
2523 4193 2625 4242 est
2650 4176 3019 4255 admodum,
3057 4199 3279 4241 veram
3307 4203 3476 4245 sem.

1976 4304 2103 4368 per
2151 4295 2647 4366 carpentorum,
2705 4301 2870 4367 quae
2917 4279 3307 4343 feminarum
3356 4304 3475 4345 nu-

1975 4384 2069 4445 mi
2123 4384 2471 4465 exhibent,
2549 4381 2871 4446 rationem
2946 4380 3244 4464 adferre,
3320 4404 3471 4448 cum

1975 4490 2245 4564 eorum,
2325 4496 2400 4548 ut
2475 4485 2785 4549 hactenus
2859 4482 3172 4563 vidimus,
3247 4487 3476 4552 variae

2426 4709 2496 4786 a)
2527 4710 2599 4770 in
2629 4709 2845 4771 claua.
2883 4730 2935 4770 ο.
2959 4724 3044 4776 ιτ.
3159 4711 3222 4789 e>
3259 4710 3325 4771 1..
3344 4709 3463 4771 Lx,
