4509 5584
1569 571 2284 656 HADRIANVS.

373 739 748 805 Secundum
838 739 1431 806 Alexandrinorum
1539 740 1860 805 calculum

320 903 329 911 .
368 863 575 909 annus
605 841 922 912 Hadriani
969 841 1082 912 113.
1134 842 1272 908 exit
1314 842 1424 908 die
1466 843 1698 909 xxix,
1733 848 1867 907 An·

369 947 544 1031 gusti
590 948 672 1013 V.
713 947 789 1012 C.
833 949 949 1013 88·
976 991 995 1024 ,
1066 946 1438 1031 eodemque
1481 944 1711 1030 incipit
1754 967 1865 1011 an-

365 1070 489 1113 nus
536 1044 683 1126 112,
734 1049 913 1134 quod
960 1063 1217 1133 tempus
1264 1047 1437 1113 illud
1464 1049 1676 1133 ipsum
1726 1063 1858 1129 est,

365 1171 497 1237 quo
537 1150 1040 1242 patrie·patriae
1084 1150 1367 1214 titulum'
1393 1150 1475 1215 ab
1521 1154 1858 1219 Hadriano

362 1252 679 1317 adscitum
714 1251 882 1329 dixi,
928 1268 997 1317 et
1039 1253 1194 1317 satis
1238 1269 1541 1337 apparet,
1584 1257 1861 1339 placuis-

364 1374 438 1419 se
475 1355 974 1433 Alexandrinis,
1026 1375 1268 1419 novum
1306 1357 1483 1421 istud
1526 1358 1855 1443 elogium,

358 1476 494 1540 quo
542 1455 914 1522 Hadrianus
973 1478 1100 1542 per
1156 1449 1541 1524 modestiam
1609 1460 1854 1524 tamdiu

360 1559 786 1637 abstinuerat,
845 1580 999 1624 cum
1042 1562 1326 1646 primum
1373 1563 1514 1646 ejus
1562 1563 1852 1647 suscepti

354 1661 637 1726 nuncius
682 1663 967 1745 appulit,
1009 1663 1081 1726 in
1110 1677 1380 1729 moneta
1409 1664 1672 1749 publica
1707 1684 1859 1750 pro·

362 1763 686 1847 mulgere.
778 1764 952 1829 sane
988 1751 1075 1828 'tn
1130 1766 1317 1831 nuno
1363 1747 1683 1832 Hauriat
1743 1790 1861 1831 nu-

362 1885 474 1930 mo
534 1866 900 1951 Aegyptio,
960 1867 1076 1953 qui
1122 1880 1347 1947 antea,
1420 1869 1531 1935 vel
1580 1883 1731 1953 post
1778 1871 1901 1946 sir

354 1981 599 2053 gnatus
634 1982 769 2046 est,
832 1988 911 2033 ea
959 1969 1162 2053 patris
1201 1971 1450 2055 patriae
1495 1972 1859 2058 epigraphe

360 2066 646 2158 legitur,
738 2084 812 2135 ut
887 2072 1131 2137 certius
1201 2072 1562 2158 intelligas,
1621 2117 1625 2123 -
1656 2073 1858 2138 decus

361 2173 540 2240 istud
568 2187 710 2240 tam
749 2173 1035 2260 primun
1065 2174 1482 2253 arcessitum,
1551 2186 1621 2240 et
1652 2175 1861 2241 eonti-

361 2296 497 2339 nuo
533 2275 785 2341 subitae
836 2295 1026 2342 eausa
1063 2275 1353 2342 laetitiae
1395 2276 1466 2339 in
1514 2275 1728 2342 numia
1769 2277 1857 2360 ja-

358 2390 623 2444 ctatum.
675 2425 685 2435 ·

491 2526 993 2592 Observandum
1052 2526 1371 2614 denique,
1445 2550 1855 2616 nequaquam

364 2631 433 2691 in
469 2628 683 2691 numia
709 2650 833 2712 pro
871 2629 1220 2694 monetarii
1270 2628 1542 2693 arbitrio
1582 2631 1855 2700 ‚titulum

358 2733 436 2796 P.
458 2732 537 2797 P.
581 2731 693 2795 vel
723 2728 1013 2795 additum
1052 2732 1290 2808 fuisse,
1343 2734 1452 2795 vel
1506 2731 1852 2807 omissum,

359 2834 430 2895 in
466 2854 592 2918 qua
633 2833 955 2896 sententia
989 2832 1191 2897 fuisse
1227 2830 1724 2896 Tillemontium
1759 2832 1853 2897 vi-

363 2934 493 2999 deo
538 2935 615 3016 ⁸).
670 2936 772 2996 Ex
803 2954 937 3026 quo
969 2947 1398 3021 sequeretur,
1444 2933 1508 2994 in
1547 2953 1853 3017 praesen-

358 3050 428 3099 te
474 3036 746 3120 negotio
804 3057 1040 3100 numos
1089 3036 1407 3121 appellari
1451 3055 1584 3099 non
1634 3055 1849 3120 posse.

361 3136 539 3228 Quin
582 3137 838 3204 constat
867 3137 1117 3223 potius,
1172 3137 1243 3199 in
1278 3136 1653 3201 omittendis
1700 3137 1854 3201 reli-

361 3239 506 3324 quis
533 3237 835 3303 omnibus
879 3239 1086 3304 titulis
1134 3238 1347 3302 minus
1386 3238 1588 3304 fuisse
1628 3241 1853 3303 auxios

357 3342 501 3426 ejus
534 3341 683 3407 aevi
721 3343 1145 3418 monetarios,
1191 3362 1383 3426 quam
1414 3341 1482 3402 in
1512 3339 1703 3406 titulo
1746 3363 1855 3425 pa-

355 3442 475 3506 tris
507 3442 793 3528 patriae,
839 3463 924 3509 ex
959 3463 1089 3532 quo
1127 3463 1278 3508 eum
1312 3443 1671 3527 imperator
1700 3441 1851 3505 ado·

354 3543 579 3628 ptavit.

481 3684 908 3778 Quapropter
977 3683 1358 3751 testimonio
1411 3704 1812 3749 marmorum
1828 3723 1845 3758 ‚

359 3799 809 3856 etnumorum
863 3786 1497 3866 Alexandrinorum,
1570 3787 1686 3873 qui
1741 3808 1846 3850 re·

351 3901 616 3972 ceptum
655 3888 737 3953 ab
783 3889 1121 3955 Hadriano
1163 3889 1365 3974 patris
1412 3888 1662 3974 patriae
1707 3888 1845 3951 elo·

352 3989 531 4072 gium
576 3991 644 4053 in
682 3989 834 4054 trib.
867 4003 1190 4077 potestate
1232 3992 1414 4066 x11.,
1468 4003 1578 4055 aut
1612 3989 1843 4054 saltem

353 4106 639 4158 exeunte
689 4093 833 4159 XI..
863 4093 1207 4168 evincunt,
1270 4092 1566 4156 firmatur
1618 4111 1844 4155 oracu-

352 4192 489 4256 lum
540 4194 853 4274 Eusebii‚
917 4194 1086 4258 illud
1128 4214 1297 4259 anno
1341 4194 1426 4262 V.
1452 4196 1526 4261 C.
1573 4195 1691 4258 88·
1732 4192 1845 4257 ad·

350 4309 681 4380 sumptum
744 4296 1145 4374 adserentis,
1210 4297 1277 4359 in
1336 4315 1531 4381 quem
1607 4313 1844 4358 annum

264 4475 289 4484 ,
354 4416 596 4464 revera
659 4411 937 4485 uterque
993 4399 1052 4461 is
1098 4398 1413 4463 Hadriani
1480 4398 1845 4464 tribunatus

358 4497 609 4566 incidit.
706 4499 842 4565 Sed
889 4501 1065 4566 enim
1114 4522 1195 4566 an
1227 4502 1539 4567 continuo
1587 4500 1847 4585 abjicie-

356 4617 502 4665 mus
547 4599 746 4666 fidem
796 4604 1253 4669 numismatum
1288 4604 1677 4692 obviorum,
1735 4605 1846 4690 qui

358 4797 363 4802 ⁵
417 4813 479 4881 a)
519 4809 689 4867 Tom.
711 4810 782 4868 Il.
813 4813 965 4869 Part.
992 4813 1088 4871 111.
1122 4833 1178 4889 p.
1201 4824 1323 4886 955.

3339 593 3479 660 522

1982 739 2382 802 Hadrianum
2431 757 2585 804 mox
2629 738 2747 804 'ab'
2787 738 2965 817 adito
3027 740 3310 826 imperio
3364 765 3485 826 pa-

1981 855 2147 906 trem
2179 844 2449 923 patriae
2482 841 2845 923 appellant,
2880 855 2961 911 ‚et
2996 842 3484 927 historicorum,

1979 944 2093 1030 qui
2126 940 2413 1007 eundem
2445 941 2703 1004 titulum
2743 944 2809 1005 in
2848 943 3078 1028 primis
3115 960 3487 1021 numerant,

1979 1043 2094 1129 qui
2141 1045 2207 1108 ei
2249 1043 2599 1129 imperium
2643 1046 3001 1130 auspicanti
3050 1044 3251 1110 delati
3289 1040 3482 1113 sunt?

1980 1150 2265 1211 Tantum
2312 1144 2488 1209 istud
2540 1145 2756 1226 abest,
2833 1160 2907 1210 ut
2959 1149 3222 1234 utrique
3283 1149 3482 1214 etiam

1971 1267 2043 1311 se
2098 1262 2326 1311 mutuo
2375 1246 2783 1312 confirm-ent.
2875 1248 3201 1314 Nimirum
3251 1273 3479 1317 secuu-

1972 1350 2126 1413 dum
2158 1341 2609 1433 spartianum,
2669 1363 2737 1415 et
2777 1348 3088 1416 Orosium
3124 1355 3335 1417 statim
3370 1378 3482 1419 au-

1969 1450 2101 1515 dita
2175 1453 2493 1516 Hadriani
2584 1451 2972 1535 adoptione,
3061 1463 3132 1518 et
3211 1457 3475 1541 Traiani

1965 1567 2179 1618 morte
2216 1554 2283 1618 ei
2317 1554 2569 1618 absenti
2613 1554 2902 1619 delatum
2956 1554 3083 1618 fuit
3123 1559 3325 1641 patris
3370 1580 3481 1643 pa-

1975 1655 2139 1717 triae
2193 1651 2458 1738 namen.
2546 1657 2744 1741 Ergo.
2791 1657 2922 1721 boc
2985 1658 3260 1723 decreto
3312 1660 3482 1724 illud

1975 1755 2289 1823 continuo
2337 1756 2655 1819 insertum
2711 1757 2837 1821 fuit
2880 1774 3225 1839 monetae,
3312 1743 3479 1847 quae

1974 1857 2048 1920 in
2102 1859 2270 1923 urbe
2318 1857 2643 1922 Hadriani
2689 1861 2958 1925 nomine
3027 1863 3278 1946 signata
3351 1879 3473 1929 est.

1977 1959 2186 2044 Igitur
2244 1960 2443 2043 primi
2495 1960 2812 2024 Hadriani
2875 1966 3058 2027 numi
3124 1966 3476 2042 habentor,

1976 2062 2091 2147 qui
2135 2062 2312 2127 hune
2366 2062 2626 2134 titulum
2677 2075 3022 2130 ostentant.
3115 2069 3317 2131 Teste
3369 2088 3482 2133 eo·

1974 2162 2127 2227 dem
2166 2164 2511 2249 spartiano
2550 2164 2915 2249 imperator
2951 2187 3106 2231 eum
3135 2168 3262 2233 sibi
3304 2168 3481 2235 dela-

1971 2278 2110 2327 tum
2168 2262 2441 2330 distulit.
2523 2264 2718 2358 Quod
2761 2288 2909 2331 cum
2950 2270 3201 2332 senatui
3238 2291 3478 2333 renun-

1968 2368 2211 2434 ciatum
2251 2379 2458 2442 esset,
2483 2409 2488 2416 -
2512 2369 2692 2448 (nam
2731 2369 3120 2434 Antiochiae
3174 2385 3312 2435 tum
3348 2374 3479 2437 Ha-

1970 2468 2239 2532 drianus
2292 2468 2547 2549 aberat)
2591 2469 2948 2534 intellecta
2998 2472 3314 2558 principis
3360 2496 3473 2540 vo·

1969 2571 2216 2635 luntate
2243 2570 2455 2635 vetuit
2486 2567 2802 2654 deinceps
2836 2572 2963 2638 hoc
3002 2575 3297 2658 elogium
3343 2561 3486 2639 mo?

1970 2671 2299 2734 numentis
2346 2671 2629 2754 publicis
2695 2672 2937 2751 inseri,
3021 2673 3235 2741 donec
3306 2677 3476 2741 illud

1969 2775 2278 2857 princeps
2332 2773 2511 2838 ultro
2570 2771 2826 2836 admitti
2877 2774 3078 2842 velet.
3179 2779 3267 2839 At
3306 2798 3470 2842 vero

1970 2873 2189 2937 datum
2235 2873 2365 2956 jam
2400 2873 2525 2936 fnit
2560 2874 2627 2935 in
2663 2875 3032 2958 provincias
3069 2879 3474 2962 exemplum,

1967 2988 2161 3059 atque
2201 2975 2269 3037 in
2305 2975 2413 3041 his
2455 2978 2651 3041 etiam
2706 2976 3075 3057 duraverit,
3135 3000 3288 3044 cum
3339 2981 3472 3064 jam

1967 3076 2036 3138 in
2086 3075 2250 3142 urbe
2295 3077 2758 3144 abstineretur.
2868 3077 3053 3170 Quae
3119 3101 3275 3146 sane
3326 3083 3469 3147 sola

1934 3199 2161 3243 ·causa
2219 3179 2506 3263 putanda
2578 3192 2711 3258 est,
2785 3199 2938 3258 car,
3001 3183 3294 3265 quamvis
3358 3183 3472 3248 de-

1972 3302 2114 3344 mus
2164 3282 2393 3358 etiam,
2468 3302 2798 3346 marmora
2861 3295 3046 3345 recte
3099 3283 3305 3349 fuisse
3358 3284 3472 3350 de·-

1970 3382 2245 3467 scripta‚
2303 3397 2526 3447 tamen
2575 3384 2786 3447 serius
2834 3384 3030 3447 etiam
3077 3384 3144 3446 in
3191 3406 3470 3452 marmo-

1876 3541 1883 3548 .
1964 3485 2144 3548 ribus
2202 3485 2495 3562 Dacicis,
2576 3500 2644 3576 et
2696 3486 3234 3569 Hispaniensibus
3315 3490 3470 3553 titu-

1962 3589 2098 3650 lum
2146 3588 2318 3651 hunc
2381 3587 2731 3672 illegitime
2791 3587 3080 3651 additum
3143 3592 3459 3674 legamus.

1964 3689 2191 3753 Serius
2226 3689 2512 3775 denique
2546 3691 2828 3776 Augusti
2868 3691 3243 3776 exemplum
3278 3713 3466 3757 secu·

1962 3806 2065 3855 tus
2098 3791 2471 3857 Hadrianus
2504 3794 2691 3857 illum
2725 3791 3015 3871 admisit,
3071 3808 3143 3859 et
3172 3794 3462 3879 quidem,

1960 3907 2033 3955 ut
2068 3893 2514 3971 definivimus,
2575 3897 2657 3962 V.
2698 3896 2770 3956 C.
2815 3896 2972 3970 881,
3040 3914 3255 3977 eoque
3310 3916 3460 3979 per·

1960 4007 2158 4078 petuo
2209 3994 2525 4079 deinceps
2563 4013 2715 4057 usus
2755 4008 2875 4059 est.
2939 3996 3041 4057 En
3076 3996 3317 4059 salvam
3341 4017 3458 4059 nu·

1960 4117 2252 4175 morum,
2330 4114 2766 4173 marmorum,
2845 4110 2914 4160 et
2996 4096 3460 4161 historicorum

1959 4198 2418 4277 concordiam,
2454 4215 2733 4283 quorum
2768 4217 3088 4282 apparens
3121 4196 3454 4263 dissensus

1958 4300 2440 4366 recentioribus
2485 4319 2752 4364 crucem
2814 4301 2983 4377 fixit,
3071 4320 3147 4364 ac
3208 4299 3460 4384 praeci-

1958 4424 2089 4489 pue
2141 4402 2572 4467 Tillemontio
2601 4401 2690 4486 b).
2736 4461 2744 4474 ,
2802 4402 3016 4496 Quam
3064 4400 3274 4465 belle·
3305 4423 3456 4467 cum

1959 4519 2262 4590 tempore
2308 4504 2597 4590 suscepti
2643 4503 2724 4569 ab
2761 4503 3099 4569 Hadriano
3153 4504 3228 4569 P.
3262 4506 3339 4568 P.
3376 4506 3455 4568 ti-

1963 4608 2079 4672 tuli
2117 4608 2450 4708 conspiret
2480 4621 2737 4692 tempus
2780 4605 3099 4671 admissae
3144 4628 3182 4669 a
3211 4605 3447 4672 Sabina

1477 4811 1545 4885 b)
1587 4812 1737 4869 Nota
1766 4813 1806 4869 1.
1842 4815 1897 4868 in
1936 4811 2115 4872 Hadr.
