4509 5584
1673 577 2292 653 CLAVDIVS.

530 749 929 832 'Suspectum
962 746 1134 811 hunc
1168 766 1433 832 numum
1467 745 1597 830 jam
1623 744 1775 810 dedi
1798 768 1913 836 ‘sn-

416 868 536 932 pra
574 848 652 912 ad
688 869 926 912 annum
957 848 1041 916 V.
1080 847 1153 914 C.
1185 851 1329 913 801.
1408 859 1413 864 '

657 1067 951 1132 Nomina
997 1090 1076 1132 ao
1119 1070 1312 1132 tituli
1364 1070 1652 1133 Claudii.

936 1236 1417 1338 Germanicus„

536 1356 773 1421 Narrat
829 1356 1182 1421 Suetonius
1228 1358 1319 1438 ¹¹),
1388 1354 1730 1420 Claudium
1777 1357 1904 1417 fra·

409 1470 513 1519 tre
572 1457 818 1539 majore
882 1458 951 1521 in
1007 1458 1236 1520 Iuliam
1292 1456 1601 1522 familiam
1645 1454 1905 1539 adopta·

409 1572 478 1621 to
546 1555 935 1623 Germanici
1004 1545 1374 1646 cognom-en
1448 1558 1905 1641 adsumpsisse.

409 1661 498 1722 At
559 1660 735 1724 enim
797 1680 1166 1745 cognomen
1232 1660 1405 1723 istud
1468 1660 1743 1724 Claudio
1784 1680 1907 1744 per

406 1762 696 1826 Drusum
759 1776 1014 1845 patrem
1069 1761 1540 1826 hereditarium
1584 1781 1666 1825 ex
1712 1761 1779 1828 S.
1829 1763 1901 1825 C.

404 1861 559 1941 suit,
643 1877 717 1927 ut
772 1863 947 1928 istud
1023 1863 1201 1927 idem
1267 1865 1620 1930 Suetonius
1691 1865 1903 1948 capite

404 1964 851 2049 praecedente
918 1965 1231 2030 adfirmat.
1317 1969 1393 2027 In
1461 1966 1602 2049 ejus
1655 1966 1902 2054 numia,

406 2088 578 2154 quos
618 2087 742 2151 per
788 2080 1008 2131 certos
1056 2069 1472 2132 characteres
1525 2080 1779 2164 constat
1823 2059 1913 2132 si?

408 2182 636 2254 gnatos
671 2167 826 2232 inde
857 2168 939 2233 ab
965 2169 1175 2233 altero
1210 2171 1352 2252 ejus
1398 2169 1662 2253 imperii
1710 2187 1902 2246 anno,

406 2269 797 2337 vocabulum
827 2270 1102 2334 GERM.
1146 2261 1472 2356 perpetuo
1516 2269 1733 2348 abest,
1777 2272 1905 2335 etsi

406 2373 672 2437 dubium
718 2373 853 2437 n‘on
894 2373 1227 2450 videatur,
1271 2395 1502 2437 numos
1544 2373 1674 2437 hoc
1710 2372 1902 2437 titulo

405 2476 694 2559 insignes
757 2474 1172 2561 sequioribus
1217 2494 1479 2559 qnoque
1524 2474 1708 2538 annis
1750 2495 1904 2560 pro·

404 2577 679 2654 divisse3
750 2600 899 2642 nam
958 2577 1147 2639 multi
1193 2576 1446 2640 Claudii
1503 2578 1684 2640 numi
1740 2591 1904 2641 tem·

404 2680 583 2760 poris
615 2680 950 2744 notionem
983 2679 1299 2753 reticent,
1360 2693 1431 2741 ut
1467 2679 1623 2742 alias
1653 2665 1898 2744 monui.

403 2784 477 2842 ln
536 2782 969 2846 marmoribus
1029 2779 1403 2848 Germanici
1461 2801 1703 2846 nomen
1750 2801 1904 2845 con·

390 2895 649 2948 ‚stanter
676 2883 957 2950 additur.

911 3071 1369 3134 Britannicus.

527 3187 706 3253 Istud
779 3205 1150 3275 cognomen
1223 3187 1533 3264 Claudio,
1621 3190 1903 3274 ejusque-

402 3292 539 3355 filio
596 3305 874 3376 propter
946 3292 1287 3360 victorias·
1315 3290 1721 3355 Britannicas
1780 3293 1895 3356 de·

400 3409 654 3460 cretum
691 3393 937 3458 diserte
973 3393 1169 3457 tradit
1199 3394 1331 3458 Dio
1375 3391 1481 3472 1³),
1526 3394 1704 3479 quod
1738 3415 1894 3460 con·

399 3497 663 3564 firmare
710 3497 974 3560 videtur
1024 3517 1260 3560 numus
1309 3518 1553 3561 aeneus
1586 3496 1816 3561 citatus
1854 3520 1893 3562 a

400 3599 710 3664 Morellio
757 3600 818 3679 c)
880 3610 947 3661 et
975 3599 1206 3662 Patino
1239 3595 1343 3677 d).

681 3701 804 3766 TI.
837 3695 1338 3764 ΚΛΑΤΔῙΟΟ.
1406 3700 1649 3768 KAIC.
1699 3699 1890 3769 CGB.

668 3799 905 3864 BPIT.
961 3804 1172 3881 Caput
1218 3805 1484 3867 nudum.

394 3899 964 3969 ΑΤΡΙΠΠῘΝΑ.
1026 3899 1536 3969 ΚΛΑΤΔΙΟΤ.
1598 3900 1657 3966 Γ
1661 3901 1884 3970 ΤΝΗ.

280 4025 287 4030 ’
396 4010 612 4088 caput
639 4008 1083 4090 Agre‘ppa’nae.

388 4111 476 4173 At
513 4129 788 4187 vereor,
825 4123 896 4172 ut
926 4109 1182 4173 sincere
1212 4121 1484 4193 excepta
1510 4109 1591 4171 sit
1631 4109 1884 4192 epigra-

387 4213 554 4296 phe:
610 4232 759 4274 nam
793 4211 861 4273 in
893 4232 1092 4275 numo
1130 4213 1463 4290 simillimo
1501 4210 1671 4294 apud
1708 4210 1884 4276 Vail-

386 4314 655 4377 lantium
689 4315 783 4396 e)‚
828 4329 898 4379 et
926 4314 1258 4400 Theupoli
1308 4314 1360 4395 ί)
1390 4339 1465 4378 το
1492 4311 1726 4376 ΒΡΙΤ.
1770 4310 1883 4374 de-

3387 600 3529 678 241

2028 745 2462 811 marmoribus
2533 748 2885 831 reperitur.
2986 751 3267 820 Videtur
3321 729 3531 822 hono-

2026 848 2121 911 ris
2174 846 2351 911 istud
2407 847 2799 945 vocabulum
2858 850 2996 914 filio
3057 873 3176 917 suo
3222 869 3523 943 tanquam

2020 951 2360 1033 proprium
2406 969 2802 1015 reservasse.
2878 955 3010 1015 lam
3057 975 3220 1040 ergo
3266 972 3334 1022 et
3373 953 3518 1025 Bri.

2018 1064 2283 1127 tannes,
2330 1071 2493 1137 quos
2517 1051 2835 1136 Virgilius
2869 1057 3144 1133 penitus
3182 1047 3325 1121 toto¹
3359 1051 3544 1126 divi·'

2021 1175 2133 1216 sos
2174 1154 2330 1217 orbe
2370 1154 2473 1233 ὅ),
2534 1175 2609 1218 ae
2659 1167 3012 1239 propterea
3062 1156 3286 1240 lepide
3323 1161 3522 1234 Paca-

2020 1267 2126 1316 tus
2175 1253 2411 1317 exules
2446 1257 2621 1318 orbis
2663 1270 2855 1322 vocat
2899 1253 2963 1337 ¹¹)
2986 1301 3002 1333 ,
3064 1279 3252 1323 suum
3300 1253 3545 1350 coe'pit'

2019 1375 2267 1438 urgere
2302 1356 2505 1418 fatum
2544 1375 2705 1441 quos
2738 1357 3050 1441 deinceps
3083 1363 3344 1445 saepius
3388 1387 3518 1430 ma-

2022 1458 2250 1520 teriam
2280 1456 2725 1535 vietoriarnm,
2758 1479 3143 1545 causamque
3174 1463 3309 1528 dati
3343 1468 3519 1547 prin-

2022 1559 2274 1645 cipibus
2308 1558 2591 1624 nominis
2630 1561 3048 1625 intuebimur.

2507 1771 2715 1833 Pater
2743 1775 3032 1856 patriae.

2148 1888 2487 1980 Claudium
2521 1891 2706 1962 hune
2735 1891 2995 1955 titulum
3027 1893 3163 1957 non'
3190 1896 3404 1961 statim
3437 1899 3517 1964 ab

2020 1990 2197 2054 adito
2254 1992 2567 2077 imperio,
2635 1994 2753 2057 sed
2819 2007 3039 2059 tamen
3094 1998 3317 2080 paullo
3372 2014 3523 2084 post

2020 2092 2397 2179 adoptasse,
2444 2094 2672 2157 scribit
2724 2095 2856 2158 Dio
2912 2095 2995 2178 i)‚
3057 2097 3141 2162 de
3189 2120 3321 2185 quo
3357 2115 3521 2166 tcm-

2018 2215 2185 2280 pore
2225 2216 2375 2259 cum
2415 2195 2683 2260 definite
2716 2217 2848 2260 non
2883 2212 3174 2279 constet,
3228 2200 3397 2266 nihil
3437 2204 3518 2269 ab

2017 2295 2148 2362 hoc
2175 2297 2368 2360 titulo
2396 2298 2466 2361 in
2492 2297 2707 2361 numis
2738 2319 2857 2364 seu
2882 2300 3129 2380 addito,
3172 2324 3293 2368 seu
3326 2307 3525 2369 omis-

2017 2419 2091 2462 so
2134 2398 2396 2480 iuvatur
2458 2400 2931 2485 chronologia,
2991 2424 3273 2490 eumque
3319 2407 3517 2471 etiam

2012 2514 2151 2564 tum
2226 2521 2432 2592 saepe·
2495 2501 2794 2567 videmus
2870 2506 3287 2590 neglectum,
3366 2530 3516 2573 cum

2013 2604 2139 2686 jam
2187 2602 2446 2686 pridem
2502 2603 2621 2666 illo
2666 2604 3028 2671 honoratus
3068 2607 3230 2687 fuit,
3289 2624 3361 2673 ut
3399 2610 3556 2677 ‹lo-0

2015 2717 2167 2767 cent
2199 2705 2401 2767 numi.

2637 2916 2908 2982 Censor.

2141 3034 2287 3096 Hoc
2325 3032 2514 3096 titulo
2543 3055 2780 3100 revera
2813 3055 2967 3099 usus
3004 3048 3103 3100 est
3137 3036 3223 3100 ob
3259 3041 3510 3104 exerci-

2011 3146 2140 3202 tam
2194 3136 2376 3197 annis
2412 3136 2495 3203 V.
2536 3136 2611 3204 C.
2648 3136 2810 3214 800,
2864 3149 2931 3201 et
2973 3139 3090 3202 801
3141 3160 3510 3220 censuram,

2009 3234 2270 3299 additur
2314 3237 2507 3300 etiam
2561 3259 2694 3301 non
2741 3260 2893 3302 raro
2950 3239 3019 3302 in
3055 3244 3506 3322 marmoribus,

2009 3335 2365 3403 ut‘videre
2424 3353 2525 3404 est
2578 3339 2748 3425 apud
2791 3340 3181 3421 Gruterum,
3245 3358 3314 3408 et
3365 3349 3510 3409 Mu·

2007 3441 2322 3504 ratorium
2347 3487 2364 3518 ,
2412 3457 2476 3507 at
2510 3444 2577 3504 in
2619 3444 2831 3506 numis
2883 3445 3205 3509 reticetur
3235 3446 3504 3532 dempto

2008 3564 2174 3621 uno,
2209 3544 2325 3606 sed
2361 3558 2703 3629 suspecto,
2746 3568 2941 3631 quem
2981 3570 3175 3632 supra
3209 3547 3291 3612 ad
3322 3549 3402 3620 V.
3426 3550 3500 3612 C.

2009 3646 2131 3709 801
2170 3646 2471 3730 produxi.

2502 3871 3013 3953 Imperator.

2002 3988 2432 4078 Praenomen.

2127 4109 2274 4170 Hoc
2341 4107 2406 4167 in
2470 4122 2859 4189 perpetuum
2946 4108 3254 4173 abstinuit
3328 4125 3496 4175 teste

2000 4209 2315 4271 Suetonio
2361 4206 2428 4288 ιι)
2448 4251 2466 4282 ,
2511 4221 2581 4271 et
2607 4208 2992 4272 confirmant
3019 4210 3202 4272 numi
3231 4224 3300 4273 et
3327 4233 3495 4275 mar-

2001 4332 2220 4389 mora,
2279 4310 2545 4392 dempto
2600 4331 2801 4373 numo
2864 4309 3094 4386 unico,
3153 4311 3494 4384 sedcolo-

388 4430 520 4491 est,
583 4436 799 4500 neque
841 4416 1017 4479 istud
1068 4418 1279 4482 autin
1308 4417 1450 4479 aliis
1482 4415 1732 4493 onmis,
1775 4427 1884 4478 aut
1997 4415 2181 4490 niae,
2238 4432 2437 4497 quem
2475 4434 2670 4496 supra
2703 4411 3006 4497 produxi.

458 4651 522 4716 a)
561 4648 713 4722 Cap.
734 4658 788 4706 2.
1030 4645 1102 4717 b)
1139 4643 1335 4702 1..1.x.
1368 4647 1419 4716 §.
1440 4656 1528 4706 22.

376 4741 453 4812 ο)
488 4736 665 4795 Num.
692 4730 905 4793 Graec.
938 4753 1000 4811 p.
1028 4744 1111 4798 15.
1285 4733 1343 4807 s)
1379 4742 1658 4814 pamma.

392 4830 437 4899 ἰ)
478 4825 675 4884 1..1.x.
704 4826 751 4899 ᾖ.
779 4837 831 4888 3

981 4823 1051 4898 k)
1092 4823 1241 4902 cop.
1267 4837 1350 4887 12.

1774 4642 1841 4713 c)
1876 4640 1937 4697 in
1967 4638 2180 4700 Claud.
2216 4639 2338 4698 tab.
2353 4639 2482 4699 111.
2519 4655 2682 4703 n.to.

1823 4734 1892 4810 g)
1933 4729 2131 4807 Eclog.
2165 4731 2210 4789 1.
2241 4733 2405 4795 mor.

2919 4640 3109 4712 ‹nn-d
3142 4642 3304 4700 Suet.
3337 4647 3494 4706 e.26.

2559 4730 2641 4803 b)
2679 4731 2966 4807 panegyr.
2997 4729 3297 4789 Theodos.
3335 4753 3383 4789 c.
3405 4746 3493 4799 23.
