4509 5584
1466 563 1942 639 VXORES
2012 563 2531 643 GLAVDH.

430 735 847 819 Epigraphe,
893 746 964 800 et
1007 744 1211 819 caput
1256 732 1545 800 claudit.
1623 733 1766 799 ΔΕ.
1810 731 1922 797 111.

432 837 665 918 (vain.
697 836 1025 919 Morelli.)

559 937 874 1004 Coloniae
930 957 1172 1003 nomen
1226 935 1565 1001 reticetur.
1650 935 1754 998 Ex
1806 957 1926 1000 no-

427 1039 603 1105 mine
673 1040 1093 1123 Cytherontis
1171 1038 1389 1117 IIviri,
1476 1036 1653 1124 qnod
1723 1037 1923 1102 etiam

424 1141 493 1204 in
527 1163 728 1205 numo
770 1141 1051 1227 Augusti
1087 1138 1258 1225 apud
1292 1138 1681 1205 Corinthum
1707 1138 1921 1223 signa-

424 1258 494 1308 to
538 1244 865 1321 occurrit,
906 1242 1249 1328 probabile
1284 1242 1392 1320 fit,
1437 1241 1610 1306 buno
1653 1260 1915 1327 quoque

416 1345 595 1429 apud
634 1345 917 1410 eandem
959 1344 1286 1411 coloniam
1327 1344 1575 1409 natales
1619 1362 1771 1408 suos
1814 1360 1920 1404 re-

420 1449 701 1532 perisse.

546 1548 859 1618 Gemmas
891 1545 1286 1611 Messalinae
1321 1545 1588 1610 nomine
1619 1542 1921 1628 scalptas,

407 1662 477 1714 et
527 1662 733 1714 testes
791 1647 1049 1712 infamis
1119 1647 1260 1731 ejus
1323 1646 1656 1725 libidinis,
1721 1659 1790 1710 et
1848 1647 1918 1710 in

402 1752 638 1838 vulgus
681 1751 982 1836 cognitae
1019 1749 1250 1817 videre
1285 1764 1476 1834 potes
1512 1747 1916 1831 inCatalogo

397 1839 610 1919 musei
663 1851 1034 1917 Stoscbiani
1076 1874 1121 1928 a
1145 1852 1697 1917 winckelmanno
1757 1867 1911 1913 con-

398 1955 626 2042 scripti
664 1975 813 2041 pag.
836 1955 984 2035 443.
1017 1959 1168 2034 444.
1270 1959 1277 1964 ’

884 2195 1440 2267 PRETIVM.

531 2368 836 2472 Demptis
886 2363 1180 2436 laudatis
1228 2364 1726 2444 Aletandrinis,
1796 2366 1910 2451 qui

410 2487 561 2537 sunt
599 2475 801 2551 Rari,
843 2468 1114 2553 reliqui,
1157 2466 1515 2553 praecipue
1554 2491 1704 2534 cum
1744 2469 1910 2535 inte·

409 2575 515 2658 gri
553 2587 735 2651 sunt,
778 2573 986 2636 RRR.
1019 2565 1338 2634 calculum
1375 2587 1861 2654 promerentur.

557 2794 807 2858 Liberi
846 2792 1155 2870 Claudii,
1197 2800 1267 2853 et
1301 2787 1736 2853 Mes-salinae.

885 2955 1430 3024 OCTAVIA.

538 3081 641 3143 De
690 3079 851 3156 hac,
908 3076 1185 3161 ejusque
1228 3072 1453 3138 numis
1485 3088 1717 3160 agetur
1759 3087 1909 3160 post

415 3182 782 3258 Neronem,
827 3179 1011 3264 cnjus
1049 3198 1128 3242 ea
1169 3196 1335 3241 exor
1368 3174 1514 3245 fuit.

747 3360 1569 3429 BRITANNICVS.

538 3487 739 3549 Natus
788 3483 1167 3569 parentibus
1220 3463 1509 3546 Claudio·
1542 3493 1614 3544 et
1662 3482 1904 3543 Messa-

412 3590 542 3651 lina
585 3589 666 3656 V.
695 3588 775 3654 C.
819 3589 948 3672 795
1008 3583 1283 3650 Claudio
1314 3586 1413 3648 -11.
1469 3582 1779 3660 consule,
1833 3595 1906 3646 ut

485 4022 546 4091 a>
583 4019 649 4077 L.
668 4018 785 4078 LX.
814 4022 868 4090 §-
889 4031 974 4081 12.
1001 4028 1012 4044 ’
1121 4018 1193 4092 b)
1231 4018 1346 4078 Dio
1378 4015 1418 4075 l.
1442 4035 1493 4076 c.
1525 4020 1576 4089 §.
1599 4028 1686 4079 22.

3399 555 3542 652 255

2036 745 2316 799 testatur
2356 733 2488 797 Dio
2527 734 2587 815 ⁸)
2630 732 2726 816 *).
2783 731 3063 795 Nomina
3105 709 3307 798 indit'a
3349 735 3538 801 fuere

2044 837 2152 901 Τί.
2238 835 2678 903 CLAVDIVS
2723 834 3324 913 GERMANICVS,
3385 859 3540 903 mox

2039 957 2208 1001 anno
2281 938 2367 1007 V.
2413 937 2487 1002 C.
2542 935 2709 1020 796,
2805 956 2955 1001 cum
3024 938 3193 1020 patri
3265 938 3539 1003 Claudio

1998 1099 2015 1114 ,
2040 1040 2126 1103 ob
2190 1060 2303 1104 res
2382 1040 2450 1101 in
2511 1038 2846 1102 Britannia
2916 1058 3238 1124 prospere
3319 1055 3534 1125 gestas

2037 1142 2432 1205 Britannici
2457 1141 2682 1204 titulus
2711 1161 2802 1205 ex
2836 1142 3000 1206 S.C.
3036 1140 3531 1220 decerneretur,

2030 1242 2212 1306 idem
2265 1258 2506 1306 nomen
2552 1244 3094 1308 communicatum
3142 1244 3335 1307 etiam
3387 1265 3538 1309 cum

2030 1344 2207 1421 filio,
2277 1345 2374 1409 sie
2427 1358 2501 1407 ut
2551 1345 2734 1431 quasi
2783 1347 3057 1429 proprio
3101 1367 3219 1409 suo
3259 1347 3530 1413 nomine

2031 1445 2630 1530 BRITANNICVQ
2672 1447 3010 1511 diceretur
3047 1444 3137 1530 ¹³).
3208 1447 3372 1532 Ejus
3421 1470 3531 1515 res

2032 1545 2242 1611 laetae
2279 1546 2517 1627 -fuere,
2576 1549 2789 1633 quoad
2831 1548 2994 1613 vixit
3035 1560 3244 1612 mater
3285 1553 3530 1616 Messa·

2030 1649 2200 1726 lina,
2280 1670 2512 1717 verum
2570 1652 2694 1715 hac
2755 1652 2840 1719 V.
2889 1651 2960 1715 C.
3018 1654 3136 1716 8οι
3206 1652 3529 1735 supplicio

2034 1749 2326 1830 adfecta,
2406 1764 2476 1815 et
2529 1751 2895 1836 Agrippina
2959 1753 3030 1815 in
3095 1751 3353 1817 Claudii
3416 1753 3531 1818 do-

2025 1874 2204 1917 mum
2243 1853 2508 1918 inducta
2544 1865 2727 1918 retro
2760 1874 2955 1921 versa
2988 1851 3198 1918 omnis
3244 1855 3528 1936 fortuna,

2022 1969 2097 2021 et
2135 1956 2434 2040 imperii,
2499 1956 2582 2021 ad
2632 1955 2809 2041 qnod
2862 1977 2990 2042 per
3035 1955 3283 2022 natales
3329 1957 3532 2022 desti-

2024 2069 2213 2122 natus
2278 2058 2529 2129 fuerat,
2606 2057 3013 2142 adipiscendi
3084 2080 3257 2145 spes.
3361 2061 3528 2125 Nam

2026 2160 2170 2243 ejus
2217 2160 2462 2222 artibus
2510 2158 2856 2236 effectum,
2911 2174 2981 2222 ut
3022 2159 3195 2223 filius
3240 2161 3357 2226 Cn.
3391 2163 3527 2225 Do·

2024 2262 2243 2325 mitius
2305 2262 2374 2323 in
2434 2262 2784 2325 Caesarum
2853 2262 3118 2325 domum
3183 2262 3525 2346 adoptatus
3645 2268 3656 2276 “
3736 2249 3744 2257 ’

2022 2361 2196 2426 filius
2240 2362 2554 2446 Augusti,
2610 2375 2678 2425 et
2722 2361 3106 2454 desponsata
3151 2365 3405 2427 Claudii
3449 2366 3526 2428 ii·

2022 2464 2107 2527 lia
2145 2462 2422 2529 Octavia
2457 2483 2667 2549 gener
2700 2486 2825 2528 nna
2856 2460 3212 2531 dicei-etur.
3257 2468 3359 2529 Ex
3393 2465 3522 2532 hoc
3655 2542 3662 2548 Α

2021 2578 2282 2649 spretus
2325 2563 2545 2628 »indies
2597 2565 2803 2649 magis
2853 2566 3261 2631 Britannicus
3326 2568 3512 2632 triste

2019 2667 2247 2729 habuit
2289 2667 2548 2728 futurae
2590 2663 2893 2730 fortunae
2930 2667 3381 2754 praesagium,
3425 2672 3523 2732 ni-

2020 2768 2244 2850 hilque
2280 2765 2529 2852 profuit
2554 2788 2783 2832 versus
2814 2770 3102 2851 parentis
3133 2792 3347 2848 amor,
3386 2791 3516 2855 quo

2017 2870 2421 2955 Agrippinae
2454 2868 2907 2951 impotentiam
2940 2883 3285 2953 pertaesus
3318 2875 3519 2936 colla·

2020 2991 2211 3055 psum
2257 2969 2475 3033 denuo
2516 2969 2725 3033 filium
2766 2973 3060 3056 respexit
3100 2975 3202 3057 0);
3259 2995 3407 3036 nam
3449 2975 3521 3038 id

2022 3074 2237 3157 ipsum
2269 3072 2541 3136 Claudio
2575 3092 2837 3159 quoqne
2868 3073 3066 3139 fatale
3095 3073 3247 3154 fuit,
3286 3077 3522 3162 Agrip-

2021 3174 2209 3259 pina,
2273 3193 2438 3261 qnae
2473 3171 2656 3238 'istud
2698 3175 3093 3258 praesensit,
3134 3197 3220 3239 ne
3264 3198 3523 3242 succes·

2023 3277 2222 3341 sionis
2287 3294 2403 3359 spe
2475 3275 2944 3340 ezcluderetur
3002 3278 3223 3356 Nem,
3303 3280 3520 3343 mariti

2024 3392 2306 3441 mortem
2369 3379 2811 3443 accelerante.
2897 3378 3146 3443 Alteris
3217 3380 3519 3466 Agrippi-

2019 3499 2142 3543 nae
2200 3479 2445 3543 artibus
2514 3480 2795 3563 imperio
2853 3482 3095 3565 potitus
3148 3483 3330 3545 Nero
3391 3483 3516 3547 fra-

2021 3596 2225 3658 trem,
2294 3601 2488 3667 quem
2532 3604 2733 3647 unum
2778 3603 2971 3650 verso
3015 3583 3244 3668 populi
3288 3605 3512 3649 amore

1837 4017 1898 4087 c)
1940 4013 2101 4073 Suet.
2129 3995 2437 4072 in‘Claud.
2473 4020 2650 4082 edis,
2689 4012 2803 4069 Dio
2835 4011 2875 4069 1.
2899 4031 2948 4069 c.
2984 4014 3034 4083 §.
3057 4021 3144 4078 34.
3255 4071 3282 4090 ‚

480 4192 539 4261 ⁶)
580 4188 793 4246 Natum
834 4188 897 4244 in
938 4185 1254 4246 consulatu
1298 4184 1535 4244 Claudii
1569 4183 1680 4252 11„
1729 4183 2041 4242 confirmat
2074 4182 2248 4240 etiam
2287 4180 2599 4239 Suetonius
2654 4180 2745 4253 (in
2780 4179 2990 4238 Claud.
3029 4186 3255 4256 c.27.),
3299 4200 3530 4272 verum‘

547 4279 715 4356 quod
747 4276 839 4335 ibi
862 4276 1065 4346 addit,
1104 4278 1385 4353 vigesimo
1415 4276 1649 4350 imperii
1685 4275 1814 4341 die,
1865 4272 2028 4331 istud
2065 4272 2227 4329 fastis
2277 4270 2520 4328 omnino
2559 4282 2888 4346 repugnat3
2939 4289 3076 4326 nam
3109 4270 3231 4329 XX.
3270 4274 3506 4350 imperii

546 4370 672 4427 dies
715 4367 928 4426 incidit
967 4370 1028 4426 in
1072 4365 1463 4425 Februarium
1501 4363 1573 4422 V.
1605 4363 1673 4422 C.
1701 4371 1841 4437 794,
1892 4375 1951 4419 et
1988 4361 2136 4420 alter
2173 4363 2299 4437 ejus
2344 4359 2681 4417 consulatus
2718 4357 2896 4417 initus
2936 4370 3024 4417 est
3055 4359 3185 4418 Kal.
3219 4361 3340 4421 lau.
3373 4373 3500 4437 295.

549 4455 728 4532 Quod
761 4456 808 4514 si
843 4458 969 4533 ejus
1000 4457 1332 4515 sententiae
1365 4473 1503 4536 pars
1535 4454 1718 4511 altera
1747 4472 1887 4511 vera
1918 4463 2036 4521 est,
2076 4462 2367 4528 natusque
2397 4448 2768 4507 Britannicus
2798 4447 2923 4508 XX.
2955 4451 3188 4527 imperii
3223 4451 3351 4520 die,
3399 4471 3499 4510 ne-

553 4565 720 4605 cesse
754 4558 844 4604 est
875 4565 1009 4605 eum
1037 4559 1241 4605 natum
1266 4546 1340 4608 V.
1363 4546 1433 4603 C.
1458 4554 1567 4618 794
1598 4543 1792 4620 pridie
1825 4543 1905 4602 id.
1923 4540 2136 4609 Febr,
2175 4559 2244 4597 ac
2273 4551 2397 4596 tum
2434 4539 2619 4615 magis
2652 4538 2932 4598 Suetonio
2962 4559 3096 4598 cum
3122 4541 3327 4599 Tacito
3358 4562 3497 4600 eon-

512 4657 517 4674 ·
546 4637 776 4706 veniet,
806 4638 907 4716 qui
940 4637 1236 4716 principio
1269 4635 1406 4694 anni
1434 4643 1542 4700 808
1573 4633 1818 4702 scribit,
1847 4632 2252 4710 propinquum
2288 4628 2469 4687 fuisse
2499 4628 2690 4698 diem,
2723 4649 2843 4708 quo
2873 4630 3242 4690 Britannicus
3276 4650 3493 4689 annum

545 4727 752 4785 aetatis
786 4727 941 4788 XIV.
973 4726 1249 4805 explebat
1295 4723 1598 4800 (Ann.X1.
1628 4726 1779 4798 15.‚)
1829 4723 1994 4803 quod
2031 4740 2236 4780 verum
2279 4737 2408 4777 esse
2448 4720 2686 4798 nequit,
2738 4721 2788 4777 si
2831 4732 3000 4779 natus
3039 4732 3128 4779 est
3163 4720 3235 4780 V.
3264 4722 3332 4780 C.
3365 4733 3489 4802 795.

550 4816 813 4876 Consule
849 4819 1025 4875 etiam
1060 4817 1213 4875 iufra
1244 4826 1445 4875 notam
1477 4813 1556 4873 ad
1588 4814 1870 4892 synopsin
1899 4814 2053 4870 vitae
2086 4811 2375 4878 Neronis,
2413 4822 2472 4868 et
2507 4809 2812 4870 Octaviae.
