4509 5584
1686 498 2315 576 CLAVDIVS.

432 674 589 737 fam.
650 615 914 746 Gesila,
988 682 1057 734 et
1109 670 1178 732 in
1240 668 1452 734 numia
1530 662 1945 756 Agrippinae

435 777 786 963 ,un-gypus
833 874 947 939 hic
980 874 1498 961 'antiquariorum
1540 874 1804 961 ingenia
1840 875 1933 939 fa·

360 1059 367 1064 ἱ
426 979 656 1065 tigavit
742 981 1001 1064 prolato
1090 977 1273 1042 vario
1368 978 1509 1062 ejus
1582 971 1929 1063 explicatu.

302 1147 316 1161 ,
423 1083 818 1148 Dissensere
864 1081 1060 1143 etiam
1105 1099 1221 1157 eo,
1266 1079 1445 1164 quod
1480 1079 1811 1157 nonnulli,
1855 1093 1929 1142 ut

429 1185 718 1262 Oceoni,
793 1183 1127 1257 'frist-ano,
1231 1183 1603 1260 Vaillantio,
1674 1183 1923 1259 visum,

423 1286 772 1350 mulierem
847 1286 1012 1347 banc
1087 1284 1409 1347 admotam
1480 1283 1595 1346 ori
1674 1281 1921 1346 bullam

422 1389 799 1453 deosculari
860 1388 1126 1463 dixere,
1204 1385 1388 1468 cujus
1460 1405 1695 1447 revera
1756 1386 1920 1450 haec

417 1493 560 1573 ejus
592 1492 810 1575 imago
834 1489 1122 1572 speciem
1148 1487 1443 1572 praebet.
1493 1488 1743 1554 Verum
1772 1473 1921 1570 plu-

421 1615 531 1657 res
591 1594 732 1675 ejus
788 1591 1055 1677 generis
1107 1591 1291 1653 numi
1353 1590 1566 1651 musei
1611 1589 1915 1672 Caesarei

392 1696 699 1782 ‘curatius
757 1717 795 1758 a
850 1715 959 1758 me
1020 1692 1337 1779 inspecti,
1395 1706 1470 1753 ut
1524 1704 1593 1753 et
1634 1690 1735 1755 his
1773 1710 1912 1754 non

409 1795 723 1860 absimilis
775 1813 1069 1878 gemma,
1133 1809 1297 1881 quae
1332 1791 1637 1878 proditur
1667 1793 1735 1855 in
1769 1811 1909 1856 mu-

409 1915 527 1962 seo
570 1895 1034 1963 Odescbalcho
1079 1898 1176 1981 ἕ),
1242 1895 1583 1960 manifeste
1626 1894 1902 1977 docent,

408 1999 757 2066 mulierem
796 2001 1000 2067 vestis
1034 2013 1322 2084 partem,
1384 2018 1509 2084 qua
1540 2011 1771 2082 pectus
1808 2012 1904 2063 tei·

403 2103 612 2189 gitur,
673 2124 932 2167 sursum
1009 2100 1377 2180 adducere,
1444 2102 1622 2187 quod
1661 2102 1905 2166 Neme-

404 2204 493 2267 sis
535 2204 605 2266 in
648 2217 944 2268 veterum
993 2203 1426 2267 monumentis
1472 2223 1668 2287 saepe
1711 2225 1903 2288 pera-

403 2308 518 2391 git.
606 2304 804 2400 Quod
868 2305 952 2368 ad
1004 2307 1207 2390 ipsius
1267 2305 1562 2368 mulieris
1618 2307 1906 2388 appella·

397 2409 648 2478 tionem
728 2409 1004 2482 attinet,
1108 2409 1220 2470 alii
1303 2407 1701 2484 Victoriam,
1794 2409 1905 2471 aiii

410 2509 767 2573 Pantheum
789 2554 808 2586 ‚
851 2509 960 2573 alii
993 2509 1251 2594 signum
1284 2526 1371 2573 ‘ex
1403 2508 1700 2592 pluribus
1738 2531 1906 2594 sym-

406 2609 581 2674 bolis
643 2608 996 2693 conflatum
1060 2611 1311 2694 dixere.
1405 2611 1590 2673 'Istud
1650 2625 1905 2675 certum

406 2731 533 2797 per
578 2712 1113 2796 inscriptionem,
1173 2712 1349 2775 hunc
1400 2725 1624 2796 typum
1678 2711 1763 2775 ad
1795 2736 1909 2779 ne·

411 2811 672 2876 tandam
720 2818 955 2876 Pacem
1000 2821 1384 2897 Augustam
1412 2814 1805 2893 adhibitum,
1841 2830 1910 2880 et

415 2914 471 2977 si
521 2914 962 2998 epithetorum
1014 2915 1302 2977 omnium
1350 2916 1447 2981 vis
1481 2936 1557 2980 ac
1591 2916 1907 3001 significa·

411 3017 504 3081 tio
538 3017 620 3080 iis
656 3017 895 3081 tributa
930 3017 1059 3081 rite
1102 3017 1581 3101 perpendatur,
1603 3098 1615 3108 φ
1639 3038 1716 3081 ea
1763 3040 1912 3104 per·

416 3138 604 3204 quam
652 3119 1000 3183 commode
1056 3119 1247 3197 Paci,
1304 3119 1581 3203 ejusque
1638 3121 1912 3204 perista-

412 3220 594 3284 sibus·
621 3221 922 3284 omnibus
955 3234 1266 3305 poterunt
1302 3220 1555 3304 subjici.
1618 3225 1711 3285 Ita
1745 3223 1906 3301 alae,

408 3334 477 3386 et
519 3322 876 3408 gradientis
901 3322 1157 3386 babitus
1198 3323 1484 3387 indicant
1521 3322 1904 3401 Victoriam,

409 3445 535 3509 qua
612 3446 737 3509 pax
810 3423 1092 3510 paritur,
1188 3424 1513 3489 caduceus
1593 3424 1902 3506 foedera,

408 3526 643 3613 quibus
715 3539 841 3610 pax
910 3526 1255 3602 coalescit,
1336 3545 1610 3611 serpens
1671 3547 1902 3611 pacem

409 3645 537 3713 ope
579 3629 919 3694 Minervae
960 3643 1093 3692 tam
1138 3628 1484 3704 Victricis‚
1548 3650 1738 3713 quam
1782 3630 1904 3693 Pa-

3393 522 3543 590 '231

2049 679 2215 755 quae
2255 671 2332 733 'in
2373 672 2690 737 utramvis
2736 685 2994 755 partem
3062 679 3545 739 accommodari

2044 785 2357 857 possunt,
2402 773 2541 838 alae
2601 788 2846 838 certam
2899 771 3216 839 Nemesin
3276 777 3540 856 faciunt,

2042 875 2353 938 nimirum
2399 877 2580 959 pacis
2626 891 2883 961 sumpto
2928 876 3010 939 de
3047 879 3351 943 hostibus
3396 903 3550 968 sup·-

2046 977 2246 1061 plicio
2293 993 2648 1044 auctorem.
2734 983 2828 1041 Ita
2871 982 2919 1044 Ι.
2956 979 3302 1044 Gaesarem
3346 1002 3541 1048 caeso

2042 1082 2364 1163 Pompeio
2398 1084 2487 1145 Μ.
2534 1082 2713 1144 velut
2760 1081 2843 1144 de
2885 1102 3048 1166 pace
3092 1084 3391 1166 proxime
3425 1084 3545 1146 im-

2042 1185 2332 1246 minente
2371 1183 2638 1245 Nemesi
2675 1183 2924 1247 dicasse
2956 1186 3335 1259 delubrum,
3381 1208 3541 1250 mox

2036 1285 2426 1348 videbimus.
2531 1287 2718 1348 Hanc
2797 1287 3156 1352 Victoriam
3220 1288 3535 1350 Nemesin

2038 1386 2310 1450 exhibet
2353 1387 2657 1451 denarius
2700 1388 3015 1450 Hadriani
3059 1389 3268 1452 musei
3310 1391 3542 1454 Caesa-

2032 1489 2165 1565 rei,
2211 1489 2280 1550 in
2318 1489 2500 1573 cujus
2534 1510 2794 1577 aversa:
2840 1490 3289 1559 VICTORIA.
3324 1491 3529 1558 AVG.

2031 1591 2292 1654 Mulier
2344 1595 2532 1654 alata
2581 1595 2898 1674 gradiens
2943 1596 3007 1657 d.
3045 1607 3288 1655 vestem
3340 1615 3382 1655 α
3423 1615 3536 1674 pe·

2029 1704 2213 1753 ctore
2241 1695 2528 1769 diducit,
2576 1716 2630 1758 s.
2668 1714 2948 1759 ramum.
3019 1693 3243 1789 Quare
3285 1695 3531 1759 Neme-

2026 1792 2114 1856 sis
2161 1794 2560 1858 Rhamnusia
2601 1794 2748 1878 jure
2794 1794 2878 1859 de
2922 1815 2995 1860 se
3037 1797 3233 1881 jactat
3271 1797 3341 1860 in
3395 1796 3533 1882 epi-

2018 1910 2380 1984 grammate
2428 1896 2781 1961 'I'beaeteti
2808 1893 2876 1981 b)
2911 1920 2930 1964 z

2080 2009 2087 2022 ²
2143 2001 2654 2064 Αντιταλαντευω
2685 2023 2800 2075 τας
2836 1987 3128 2077 ἕλοι-εἴας.
3157 1996 3286 2087 &epu
3321 1991 3397 2066 δε
3428 2025 3528 2065 και

2773 2127 2863 2166 νυν

2217 2200 2459 2268 ΝΙΚΗ
2490 2197 2909 2290 Ερεχθειδαις
2929 2253 2950 2285 ,
2988 2206 3337 2291 Ασσυριοις
3367 2204 3526 2271 NE·

2685 2311 2703 2386 χ
2747 2293 3096 2375 ΜΕΣΓΣ.

2153 2406 2311 2490 Spei
2380 2399 2711 2471 momenta
2743 2409 3110 2490 ⁴*modim-or,-
3172 2431 3319 2474 sum
3374 2432 3525 2474 vero

2744 2491 2923 2571 nmio
2939 2531 3204 2591 *quoque

2232 2609 2710 2674 VICTORIA
2750 2610 3322 2688 Atheniensibus,
3371 2614 3525 2676 Per·

2751 2715 2847 2774 sis
2874 2705 3319 2780 NEMESIS.

2020 2809 2192 2872 Cum
2239 2812 2499 2898 signum
2543 2811 2716 2874 istud
2754 2812 3090 2878 videamus
3132 2813 3343 2878 numia
3373 2815 3522 2879 illa-

2030 2923 2164 2973 tum
2232 2934 2367 2976 non
2426 2926 2671 2975 tantum
2739 2913 3086 2992 Romanis,
3161 2917 3280 2980 sed
3324 2919 3519 2980 etiam

2024 3014 2308 3091 exteris,
2370 3026 2438 3076 et
2482 3030 2908 3099 propagatum
2970 3036 3093 3099 per
3135 3016 3361 3098 plures
3403 3019 3520 3081 im·

2024 3128 2400 3197 peratores,
2479 3131 2784 3201 apparet,
2875 3116 3080 3180 fuisse
3164 3118 3371 3183 famae
3446 3122 3516 3183 in

2022 3217 2257 3301 vulgus
2302 3219 2633 3301 cognitae,
2682 3219 3164 3303 imaginemque
3217 3243 3299 3283 ex
3342 3224 3518 3285 cele·

2021 3318 2125 3380 bri
2196 3320 2475 3402 quodam
2553 3329 2934 3405 prototypo,
3025 3322 3202 3407 quod
3276 3323 3516 3388 alicubi

2019 3422 2269 3484 PACIS
2313 3420 2628 3504 inscripto
2693 3423 2959 3486 nomine
3004 3423 3294 3501 steterit,
3352 3428 3512 3510 peti—

2016 3535 2205 3588 tam„
2266 3524 2341 3583 In
2384 3522 2638 3586 Claudii
2699 3526 3050 3610 praecipue
3107 3527 3356 3604 numia,
3420 3543 3512 3591 at-

2018 3647 2145 3711 que
2181 3624 2261 3688 iis
2293 3645 2414 3709 per
2452 3627 2665 3689 varios
2701 3649 2903 3691 annos
2943 3628 3213 3714 signatis
3247 3649 3509 3714 persae-
3611 3617 3622 3624 ⁶

394 3730 651 3796 -eiferae
711 3732 1158 3809 constitutam3
1219 3749 1369 3794 nam
1427 3749 1698 3816 serpens
1755 3732 1898 3817 ejus
2015 3750 2099 3814 pe
2140 3728 2350 3805 redit,
2393 3748 2558 3813 quae
2585 3729 2786 3793 etiam
2818 3752 3008 3795 causa
3046 3732 3342 3809 videtur,
3384 3753 3506 3797 cur

408 3832 572 3896 deae
641 3831 958 3919 frequens
1015 3845 1117 3896 est
1178 3851 1435 3912 comes,
1525 3846 1596 3897 at
1657 3854 1897 3899 revera
2013 3832 2185 3895 hunc
2229 3846 2453 3914 typum
2501 3832 2965 3915 Smyrnenses,
3028 3848 3100 3896 ut
3144 3833 3341 3898 docet
3388 3856 3504 3898 nu-

403 3934 704 4000 Mincrva
745 3955 879 3998 non
920 3935 1196 3999 multum
1237 3936 1516 3999 absimili
1549 3936 1762 4014 cultu,
1800 3936 1897 3998 ni·
2010 3954 2150 3996 mus
2168 3929 2288 3998 2111.
2327 3933 2679 4017 inscriptus
2707 3927 2967 4011 ZMT.,
3006 3955 3286 4019 eumque
3313 3934 3504 3999 Clau-

400 4036 643 4099 mirum
700 4035 764 4098 d.
807 4040 1063 4122 palmae
1125 4057 1412 4114 ramum,
1469 4060 1522 4103 s.
1564 4038 1894 4104 Victorio·
2006 4035 2115 4099 dio
2172 4048 2516 4120 tantopere
2577 4035 2845 4129 charum
2891 4036 3250 4119 elegerint,
3305 4049 3497 4118 atque

400 4137 530 4202 lam
569 4150 804 4202 tenens
851 4137 1158 4203 adstituto
1202 4138 1285 4201 ad
1327 4138 1533 4224 pedes
1579 4152 1888 4223 serpente
2000 4137 2175 4201 istud
2209 4150 2387 4201 tanto
2441 4137 2804 4215 lubentius,
2857 4137 3161 4221 quoniam
3195 4137 3497 4201 Nemesis

399 4238 706 4324 gradiens
762 4242 1153 4329 proponitur
1195 4242 1263 4303 in
1304 4263 1506 4306 numo
1549 4242 1889 4326 Vespasia-
1999 4241 2310 4326 princeps
2349 4239 2467 4302 fuit
2485 4239 2977 4323 smyrnensium
3015 4259 3280 4305 numen.
3326 4241 3496 4301 Ean-

396 4343 502 4421 ni,
561 4361 758 4430 quem
798 4343 869 4404 in
924 4342 1116 4427 buius
1160 4345 1373 4408 numia
1416 4343 1595 4430 vagis
1640 4344 1888 4408 descri-
2000 4343 2154 4407 dem
2181 4343 2495 4406 Nemesin
2539 4341 2739 4407 offert
2768 4342 2963 4406 etiam
3001 4362 3236 4405 aureus
3273 4338 3494 4427 singu·

396 4445 582 4522 bam,
625 4447 869 4532 quique
913 4458 1290 4530 praesentes
1331 4468 1562 4511 numos
1608 4445 1880 4510 multum
1995 4446 2153 4511 laris
2199 4444 2381 4514 Vibii
2426 4444 2619 4525 Vari,
2698 4466 2897 4533 quem
2956 4444 3108 4514 vide
3153 4444 3223 4509 in
3278 4444 3490 4508 numis

394 4547 699 4614 illustrat.
798 4549 1019 4617 Vestis
1094 4569 1353 4628 sursum
1426 4548 1735 4631 adducta,
1813 4563 1883 4615 et
1996 4550 2211 4637 gentis
2240 4549 2498 4616 Vibiae.

471 4756 533 4825 a)
562 4753 741 4813 Toni.
770 4753 843 4814 11.
871 4774 1033 4816 num.
1058 4769 1142 4823 15.
1289 4756 1362 4830 b)
1399 4756 1570 4818 Anal.
1606 4756 1861 4819 anck.
1893 4757 1964 4820 Τ.
1982 4758 2055 4819 11.
2086 4776 2145 4837 p-
2169 4770 2296 4825 51⁵.
