<?xml version="1.0" encoding="UTF-8"?>
<!DOCTYPE html PUBLIC "-//W3C//DTD XHTML 1.0 Transitional//EN"
    "http://www.w3.org/TR/xhtml1/DTD/xhtml1-transitional.dtd">
<html xmlns="http://www.w3.org/1999/xhtml" xml:lang="en" lang="en">
 <head>
  <title>
</title>
<meta http-equiv="Content-Type" content="text/html;charset=utf-8" />
  <meta name='ocr-system' content='tesseract 3.04.00' />
  <meta name='ocr-capabilities' content='ocr_page ocr_carea ocr_par ocr_line ocrx_word'/>
</head>
<body>
  <div class='ocr_page' id='page_1' title='image "./doctrinanumorum00unkngoog_0351.png"; bbox 0 0 4509 5584; ppageno 0'>
   <div class='ocr_carea' id='block_1_1' title="bbox 1607 589 2268 666">
    <p class='ocr_par' dir='ltr' id='par_1_1' title="bbox 1607 589 2268 666">
     <span class='ocr_line' id='line_1_1' title="bbox 1607 589 2268 666; baseline 0.003 -2"><span class='ocrx_word' id='word_1_1' title='bbox 1607 589 2268 666; x_wconf 82' lang='lat' dir='ltr'><strong>VITELLIVS.</strong></span> 
     </span>
    </p>
   </div>
   <div class='ocr_carea' id='block_1_2' title="bbox 385 756 1889 2570">
    <p class='ocr_par' dir='ltr' id='par_1_2' title="bbox 386 756 1889 1457">
     <span class='ocr_line' id='line_1_2' title="bbox 390 756 1887 843; baseline -0.006 -14"><span class='ocrx_word' id='word_1_2' title='bbox 390 767 730 830; x_wconf 81' lang='lat' dir='ltr'><strong>censuram</strong></span> <span class='ocrx_word' id='word_1_3' title='bbox 773 779 1144 825; x_wconf 81' lang='lat' dir='ltr'><strong>memorans</strong></span> <span class='ocrx_word' id='word_1_4' title='bbox 1188 758 1249 843; x_wconf 81' lang='lat'><strong>⁸)</strong></span> <span class='ocrx_word' id='word_1_5' title='bbox 1295 756 1389 823; x_wconf 87' lang='lat' dir='ltr'><strong>sic</strong></span> <span class='ocrx_word' id='word_1_6' title='bbox 1432 757 1690 822; x_wconf 60' lang='lat' dir='ltr'><strong>scribite</strong></span> <span class='ocrx_word' id='word_1_7' title='bbox 1737 779 1887 841; x_wconf 82' lang='lat' dir='ltr'><strong>ges-</strong></span> 
     </span>
     <span class='ocr_line' id='line_1_3' title="bbox 386 862 1884 939; baseline -0.007 -8"><span class='ocrx_word' id='word_1_8' title='bbox 386 871 478 931; x_wconf 74' lang='lat' dir='ltr'><strong>sit</strong></span> <span class='ocrx_word' id='word_1_9' title='bbox 528 878 598 928; x_wconf 77' lang='lat' dir='ltr'><strong>et</strong></span> <span class='ocrx_word' id='word_1_10' title='bbox 645 881 990 926; x_wconf 80' lang='lat' dir='ltr'><em>censuram</em></span> <span class='ocrx_word' id='word_1_11' title='bbox 1031 892 1060 909; x_wconf 91' lang='lat'><strong>·</strong></span> <span class='ocrx_word' id='word_1_12' title='bbox 1100 893 1124 911; x_wconf 89' lang='lat'><em>-</em></span> <span class='ocrx_word' id='word_1_13' title='bbox 1167 893 1197 908; x_wconf 65' lang='grc' dir='ltr'><strong><em>ο</em></strong></span> <span class='ocrx_word' id='word_1_14' title='bbox 1242 863 1362 923; x_wconf 84' lang='lat' dir='ltr'><strong>sed</strong></span> <span class='ocrx_word' id='word_1_15' title='bbox 1407 862 1583 922; x_wconf 68' lang='lat' dir='ltr'><strong>Itane</strong></span> <span class='ocrx_word' id='word_1_16' title='bbox 1632 880 1884 939; x_wconf 80' lang='lat' dir='ltr'><strong>quoque</strong></span> 
     </span>
     <span class='ocr_line' id='line_1_4' title="bbox 387 964 1884 1045; baseline -0.006 -14"><span class='ocrx_word' id='word_1_17' title='bbox 387 965 874 1045; x_wconf 75' lang='lat' dir='ltr'><em>inaequaliter,</em></span> <span class='ocrx_word' id='word_1_18' title='bbox 958 964 1275 1040; x_wconf 79' lang='lat' dir='ltr'><strong>varioque</strong></span> <span class='ocrx_word' id='word_1_19' title='bbox 1341 972 1411 1023; x_wconf 82' lang='lat' dir='ltr'><strong>et</strong></span> <span class='ocrx_word' id='word_1_20' title='bbox 1479 966 1746 1036; x_wconf 66' lang='lat' dir='ltr'><strong>enlmo,</strong></span> <span class='ocrx_word' id='word_1_21' title='bbox 1817 972 1884 1022; x_wconf 77' lang='lat' dir='ltr'><strong>et</strong></span> 
     </span>
     <span class='ocr_line' id='line_1_5' title="bbox 388 1061 1882 1144; baseline -0.007 -11"><span class='ocrx_word' id='word_1_22' title='bbox 388 1079 652 1133; x_wconf 82' lang='lat' dir='ltr'><strong>eventu.</strong></span> <span class='ocrx_word' id='word_1_23' title='bbox 740 1063 1085 1127; x_wconf 76' lang='lat' dir='ltr'><strong>lactantius</strong></span> <span class='ocrx_word' id='word_1_24' title='bbox 1158 1061 1371 1144; x_wconf 83' lang='lat' dir='ltr'><strong>igitur·</strong></span> <span class='ocrx_word' id='word_1_25' title='bbox 1428 1062 1603 1125; x_wconf 83' lang='lat' dir='ltr'><strong>filius</strong></span> <span class='ocrx_word' id='word_1_26' title='bbox 1676 1061 1882 1123; x_wconf 78' lang='lat' dir='ltr'><strong>Aulus</strong></span> 
     </span>
     <span class='ocr_line' id='line_1_6' title="bbox 391 1163 1883 1252; baseline -0.005 -19"><span class='ocrx_word' id='word_1_27' title='bbox 391 1172 562 1233; x_wconf 84' lang='lat' dir='ltr'><strong>hanc</strong></span> <span class='ocrx_word' id='word_1_28' title='bbox 611 1165 813 1252; x_wconf 80' lang='lat' dir='ltr'><strong>patris</strong></span> <span class='ocrx_word' id='word_1_29' title='bbox 868 1166 947 1228; x_wconf 88' lang='lat' dir='ltr'><strong>L.</strong></span> <span class='ocrx_word' id='word_1_30' title='bbox 979 1163 1235 1231; x_wconf 81' lang='lat' dir='ltr'><strong>Vitellii</strong></span> <span class='ocrx_word' id='word_1_31' title='bbox 1286 1184 1661 1240; x_wconf 84' lang='lat' dir='ltr'><strong>censuram,</strong></span> <span class='ocrx_word' id='word_1_32' title='bbox 1719 1182 1883 1246; x_wconf 84' lang='lat' dir='ltr'><strong>quae</strong></span> 
     </span>
     <span class='ocr_line' id='line_1_7' title="bbox 386 1264 1889 1354; baseline -0.006 -18"><span class='ocrx_word' id='word_1_33' title='bbox 386 1271 606 1354; x_wconf 86' lang='lat' dir='ltr'><strong>reipsa</strong></span> <span class='ocrx_word' id='word_1_34' title='bbox 647 1290 774 1331; x_wconf 85' lang='lat' dir='ltr'><strong>una</strong></span> <span class='ocrx_word' id='word_1_35' title='bbox 815 1266 971 1343; x_wconf 80' lang='lat' dir='ltr'><strong>fuit,</strong></span> <span class='ocrx_word' id='word_1_36' title='bbox 1024 1264 1502 1348; x_wconf 76' lang='lat' dir='ltr'><strong>duplicaverit,</strong></span> <span class='ocrx_word' id='word_1_37' title='bbox 1549 1286 1677 1350; x_wconf 86' lang='lat' dir='ltr'><strong>quo</strong></span> <span class='ocrx_word' id='word_1_38' title='bbox 1717 1264 1889 1349; x_wconf 82' lang='lat' dir='ltr'><strong>patri</strong></span> 
     </span>
     <span class='ocr_line' id='line_1_8' title="bbox 386 1366 1276 1457; baseline -0.002 -23"><span class='ocrx_word' id='word_1_39' title='bbox 386 1375 536 1457; x_wconf 86' lang='lat' dir='ltr'><strong>plus</strong></span> <span class='ocrx_word' id='word_1_40' title='bbox 569 1369 841 1435; x_wconf 79' lang='lat' dir='ltr'><strong>honoris</strong></span> <span class='ocrx_word' id='word_1_41' title='bbox 880 1366 1276 1450; x_wconf 83' lang='lat' dir='ltr'><strong>impertiret.</strong></span> 
     </span>
    </p>

    <p class='ocr_par' dir='ltr' id='par_1_3' title="bbox 387 1470 1888 1961">
     <span class='ocr_line' id='line_1_9' title="bbox 678 1470 1028 1536; baseline -0.006 0"><span class='ocrx_word' id='word_1_42' title='bbox 678 1476 747 1536; x_wconf 85' lang='lat' dir='ltr'><em>V</em></span> <span class='ocrx_word' id='word_1_43' title='bbox 741 1483 773 1533; x_wconf 89' lang='lat' dir='ltr'><strong>t</strong></span> <span class='ocrx_word' id='word_1_44' title='bbox 804 1471 918 1533; x_wconf 74' lang='lat' dir='ltr'><strong>lit.</strong></span> <span class='ocrx_word' id='word_1_45' title='bbox 940 1470 1028 1535; x_wconf 90' lang='lat' dir='ltr'><strong>D.</strong></span> 
     </span>
     <span class='ocr_line' id='line_1_10' title="bbox 387 1569 1884 1650; baseline -0.006 -12"><span class='ocrx_word' id='word_1_46' title='bbox 387 1574 705 1638; x_wconf 73' lang='lat' dir='ltr'><strong>LIBERI.</strong></span> <span class='ocrx_word' id='word_1_47' title='bbox 747 1572 926 1636; x_wconf 78' lang='lat' dir='ltr'><strong>lMP.</strong></span> <span class='ocrx_word' id='word_1_48' title='bbox 964 1569 1360 1636; x_wconf 80' lang='lat' dir='ltr'><strong>GERMAN.</strong></span> <span class='ocrx_word' id='word_1_49' title='bbox 1424 1570 1662 1650; x_wconf 82' lang='lat' dir='ltr'><strong>Capita</strong></span> <span class='ocrx_word' id='word_1_50' title='bbox 1706 1570 1884 1631; x_wconf 81' lang='lat' dir='ltr'><strong>nuda</strong></span> 
     </span>
     <span class='ocr_line' id='line_1_11' title="bbox 387 1673 1888 1752; baseline -0.004 -13"><span class='ocrx_word' id='word_1_51' title='bbox 387 1679 667 1739; x_wconf 82' lang='lat' dir='ltr'><strong>duorum</strong></span> <span class='ocrx_word' id='word_1_52' title='bbox 712 1674 810 1736; x_wconf 82' lang='lat' dir='ltr'><strong>A.</strong></span> <span class='ocrx_word' id='word_1_53' title='bbox 850 1674 1121 1736; x_wconf 77' lang='lat' dir='ltr'><strong>Vitellii</strong></span> <span class='ocrx_word' id='word_1_54' title='bbox 1163 1675 1524 1736; x_wconf 74' lang='lat' dir='ltr'><strong>liberorum</strong></span> <span class='ocrx_word' id='word_1_55' title='bbox 1569 1693 1639 1732; x_wconf 84' lang='lat' dir='ltr'><strong>se</strong></span> <span class='ocrx_word' id='word_1_56' title='bbox 1682 1673 1888 1752; x_wconf 74' lang='lat' dir='ltr'><strong>respi-</strong></span> 
     </span>
     <span class='ocr_line' id='line_1_12' title="bbox 388 1773 1884 1852; baseline -0.004 -14"><span class='ocrx_word' id='word_1_57' title='bbox 388 1779 665 1852; x_wconf 72' lang='lat' dir='ltr'><strong>cientia,</strong></span> <span class='ocrx_word' id='word_1_58' title='bbox 702 1779 773 1837; x_wconf 80' lang='grc' dir='ltr'><strong>ἰη</strong></span> <span class='ocrx_word' id='word_1_59' title='bbox 812 1775 1156 1837; x_wconf 72' lang='lat' dir='ltr'><em>nonnullis</em></span> <span class='ocrx_word' id='word_1_60' title='bbox 1184 1773 1578 1836; x_wconf 74' lang='lat' dir='ltr'><strong>intermedio</strong></span> <span class='ocrx_word' id='word_1_61' title='bbox 1606 1792 1884 1852; x_wconf 79' lang='lat' dir='ltr'><em>superne</em></span> 
     </span>
     <span class='ocr_line' id='line_1_13' title="bbox 388 1875 1465 1961; baseline -0.005 -21"><span class='ocrx_word' id='word_1_62' title='bbox 388 1890 594 1942; x_wconf 74' lang='lat' dir='ltr'><strong>astro.</strong></span> <span class='ocrx_word' id='word_1_63' title='bbox 638 1877 786 1944; x_wconf 81' lang='lat' dir='ltr'><strong>AV.</strong></span> <span class='ocrx_word' id='word_1_64' title='bbox 820 1877 963 1939; x_wconf 62' lang='lat' dir='ltr'><strong>AR.</strong></span> <span class='ocrx_word' id='word_1_65' title='bbox 1010 1876 1211 1956; x_wconf 77' lang='lat' dir='ltr'><strong>(Mus.</strong></span> <span class='ocrx_word' id='word_1_66' title='bbox 1247 1875 1465 1961; x_wconf 86' lang='lat' dir='ltr'><strong>Caes.)</strong></span> 
     </span>
    </p>

    <p class='ocr_par' dir='ltr' id='par_1_4' title="bbox 386 1976 1885 2263">
     <span class='ocr_line' id='line_1_14' title="bbox 677 1976 999 2044; baseline -0.003 -3"><span class='ocrx_word' id='word_1_67' title='bbox 677 1981 767 2041; x_wconf 84' lang='lat' dir='ltr'><strong>Vt</strong></span> <span class='ocrx_word' id='word_1_68' title='bbox 806 1976 999 2044; x_wconf 82' lang='lat' dir='ltr'><strong>lit.I.</strong></span> 
     </span>
     <span class='ocr_line' id='line_1_15' title="bbox 386 2075 1885 2168; baseline 0.003 -27"><span class='ocrx_word' id='word_1_69' title='bbox 386 2079 706 2144; x_wconf 73' lang='lat' dir='ltr'><strong>LIBERI.</strong></span> <span class='ocrx_word' id='word_1_70' title='bbox 742 2079 917 2140; x_wconf 79' lang='lat' dir='ltr'><strong>lMP.</strong></span> <span class='ocrx_word' id='word_1_71' title='bbox 956 2075 1230 2140; x_wconf 73' lang='lat' dir='ltr'><strong>GERM.</strong></span> <span class='ocrx_word' id='word_1_72' title='bbox 1263 2075 1469 2168; x_wconf 78' lang='lat' dir='ltr'><strong>AVG.</strong></span> <span class='ocrx_word' id='word_1_73' title='bbox 1536 2080 1755 2165; x_wconf 60' lang='grc' dir='ltr'><strong>Πρω</strong></span> <span class='ocrx_word' id='word_1_74' title='bbox 1796 2084 1885 2146; x_wconf 75' lang='lat' dir='ltr'><strong>si-</strong></span> 
     </span>
     <span class='ocr_line' id='line_1_16' title="bbox 388 2175 1281 2263; baseline 0.001 -20"><span class='ocrx_word' id='word_1_75' title='bbox 388 2182 602 2246; x_wconf 73' lang='lat' dir='ltr'><strong>milis.</strong></span> <span class='ocrx_word' id='word_1_76' title='bbox 639 2182 783 2247; x_wconf 85' lang='lat' dir='ltr'><strong>AV.</strong></span> <span class='ocrx_word' id='word_1_77' title='bbox 825 2175 1026 2263; x_wconf 78' lang='lat' dir='ltr'><strong>(Mus.</strong></span> <span class='ocrx_word' id='word_1_78' title='bbox 1061 2179 1281 2260; x_wconf 86' lang='lat' dir='ltr'><strong>Caes.)</strong></span> 
     </span>
    </p>

    <p class='ocr_par' dir='ltr' id='par_1_5' title="bbox 511 2279 1880 2365">
     <span class='ocr_line' id='line_1_17' title="bbox 511 2279 1880 2365; baseline 0.001 -21"><span class='ocrx_word' id='word_1_79' title='bbox 511 2283 834 2345; x_wconf 84' lang='lat' dir='ltr'><strong>Pietatem</strong></span> <span class='ocrx_word' id='word_1_80' title='bbox 870 2281 936 2341; x_wconf 91' lang='lat' dir='ltr'><strong>in</strong></span> <span class='ocrx_word' id='word_1_81' title='bbox 966 2294 1220 2364; x_wconf 87' lang='lat' dir='ltr'><strong>patrem</strong></span> <span class='ocrx_word' id='word_1_82' title='bbox 1253 2279 1547 2365; x_wconf 84' lang='lat' dir='ltr'><strong>sequitur</strong></span> <span class='ocrx_word' id='word_1_83' title='bbox 1582 2282 1880 2365; x_wconf 79' lang='lat' dir='ltr'><strong>proxime</strong></span> 
     </span>
    </p>

    <p class='ocr_par' dir='ltr' id='par_1_6' title="bbox 385 2382 1883 2570">
     <span class='ocr_line' id='line_1_18' title="bbox 388 2382 1883 2468; baseline -0.001 -20"><span class='ocrx_word' id='word_1_84' title='bbox 388 2382 680 2448; x_wconf 65' lang='lat' dir='ltr'><strong>adiectus</strong></span> <span class='ocrx_word' id='word_1_85' title='bbox 738 2383 808 2444; x_wconf 90' lang='lat' dir='ltr'><strong>in</strong></span> <span class='ocrx_word' id='word_1_86' title='bbox 867 2382 1154 2460; x_wconf 87' lang='lat' dir='ltr'><strong>liberos,</strong></span> <span class='ocrx_word' id='word_1_87' title='bbox 1211 2403 1444 2448; x_wconf 79' lang='lat' dir='ltr'><strong>verum</strong></span> <span class='ocrx_word' id='word_1_88' title='bbox 1487 2385 1598 2468; x_wconf 85' lang='lat' dir='ltr'><strong>qui</strong></span> <span class='ocrx_word' id='word_1_89' title='bbox 1641 2385 1771 2447; x_wconf 89' lang='lat' dir='ltr'><strong>sint</strong></span> <span class='ocrx_word' id='word_1_90' title='bbox 1812 2384 1883 2448; x_wconf 84' lang='lat' dir='ltr'><strong>hi</strong></span> 
     </span>
     <span class='ocr_line' id='line_1_19' title="bbox 385 2485 1883 2570; baseline 0.001 -21"><span class='ocrx_word' id='word_1_91' title='bbox 385 2485 617 2563; x_wconf 87' lang='lat' dir='ltr'><strong>liberi,</strong></span> <span class='ocrx_word' id='word_1_92' title='bbox 669 2504 947 2570; x_wconf 87' lang='lat' dir='ltr'><strong>qnorum</strong></span> <span class='ocrx_word' id='word_1_93' title='bbox 984 2485 1201 2549; x_wconf 77' lang='lat' dir='ltr'><strong>vultus</strong></span> <span class='ocrx_word' id='word_1_94' title='bbox 1237 2486 1306 2547; x_wconf 86' lang='lat' dir='ltr'><strong>in</strong></span> <span class='ocrx_word' id='word_1_95' title='bbox 1341 2486 1454 2549; x_wconf 71' lang='lat' dir='ltr'><strong>his</strong></span> <span class='ocrx_word' id='word_1_96' title='bbox 1479 2487 1690 2550; x_wconf 78' lang='lat' dir='ltr'><strong>numia</strong></span> <span class='ocrx_word' id='word_1_97' title='bbox 1733 2500 1883 2550; x_wconf 87' lang='lat' dir='ltr'><strong>sunt</strong></span> 
     </span>
    </p>
   </div>
   <div class='ocr_carea' id='block_1_3' title="bbox 387 2586 1905 2672">
    <p class='ocr_par' dir='ltr' id='par_1_7' title="bbox 387 2586 1905 2672">
     <span class='ocr_line' id='line_1_20' title="bbox 387 2586 1905 2672; baseline 0.001 -21"><span class='ocrx_word' id='word_1_98' title='bbox 387 2587 723 2672; x_wconf 78' lang='lat' dir='ltr'>expressi,</span> <span class='ocrx_word' id='word_1_99' title='bbox 783 2586 1312 2652; x_wconf 77' lang='lat' dir='ltr'><strong>controvertitur.</strong></span> <span class='ocrx_word' id='word_1_100' title='bbox 1402 2589 1507 2649; x_wconf 76' lang='lat' dir='ltr'><strong>Ex</strong></span> <span class='ocrx_word' id='word_1_101' title='bbox 1562 2609 1770 2652; x_wconf 82' lang='lat' dir='ltr'><strong>uxore</strong></span> <span class='ocrx_word' id='word_1_102' title='bbox 1830 2587 1905 2652; x_wconf 68' lang='lat'><strong>1.‘</strong></span> 
     </span>
    </p>
   </div>
   <div class='ocr_carea' id='block_1_4' title="bbox 383 2686 1888 4393">
    <p class='ocr_par' dir='ltr' id='par_1_8' title="bbox 383 2686 1888 4393">
     <span class='ocr_line' id='line_1_21' title="bbox 387 2686 1882 2753; baseline 0.002 -3"><span class='ocrx_word' id='word_1_103' title='bbox 387 2689 701 2753; x_wconf 86' lang='lat' dir='ltr'><strong>Petronia</strong></span> <span class='ocrx_word' id='word_1_104' title='bbox 742 2687 958 2749; x_wconf 86' lang='lat' dir='ltr'><strong>filium</strong></span> <span class='ocrx_word' id='word_1_105' title='bbox 995 2686 1217 2751; x_wconf 85' lang='lat' dir='ltr'><strong>habuit</strong></span> <span class='ocrx_word' id='word_1_106' title='bbox 1258 2690 1726 2752; x_wconf 80' lang='lat' dir='ltr'><strong>Petronianum</strong></span> <span class='ocrx_word' id='word_1_107' title='bbox 1781 2709 1882 2753; x_wconf 88' lang='lat' dir='ltr'><strong>ea·</strong></span> 
     </span>
     <span class='ocr_line' id='line_1_22' title="bbox 385 2788 1888 2876; baseline -0.001 -22"><span class='ocrx_word' id='word_1_108' title='bbox 385 2804 570 2876; x_wconf 86' lang='lat' dir='ltr'><strong>ptum</strong></span> <span class='ocrx_word' id='word_1_109' title='bbox 618 2789 831 2852; x_wconf 87' lang='lat' dir='ltr'><strong>altero</strong></span> <span class='ocrx_word' id='word_1_110' title='bbox 875 2789 1070 2852; x_wconf 84' lang='lat' dir='ltr'><strong>oculo</strong></span> <span class='ocrx_word' id='word_1_111' title='bbox 1111 2788 1200 2872; x_wconf 80' lang='lat' dir='ltr'><strong>b).</strong></span> <span class='ocrx_word' id='word_1_112' title='bbox 1258 2789 1431 2854; x_wconf 81' lang='lat' dir='ltr'><strong>Huic</strong></span> <span class='ocrx_word' id='word_1_113' title='bbox 1472 2791 1537 2852; x_wconf 89' lang='lat' dir='ltr'><strong>in</strong></span> <span class='ocrx_word' id='word_1_114' title='bbox 1579 2810 1888 2875; x_wconf 87' lang='lat' dir='ltr'><strong>praesen-</strong></span> 
     </span>
     <span class='ocr_line' id='line_1_23' title="bbox 383 2890 1887 2972; baseline 0 -17"><span class='ocrx_word' id='word_1_115' title='bbox 383 2906 488 2955; x_wconf 82' lang='lat' dir='ltr'><strong>tes</strong></span> <span class='ocrx_word' id='word_1_116' title='bbox 545 2911 778 2953; x_wconf 83' lang='lat' dir='ltr'><strong>numos</strong></span> <span class='ocrx_word' id='word_1_117' title='bbox 831 2890 934 2972; x_wconf 88' lang='lat' dir='ltr'><strong>jus</strong></span> <span class='ocrx_word' id='word_1_118' title='bbox 988 2910 1122 2953; x_wconf 81' lang='lat' dir='ltr'><strong>non</strong></span> <span class='ocrx_word' id='word_1_119' title='bbox 1174 2902 1318 2966; x_wconf 71' lang='lat' dir='ltr'><strong>est,</strong></span> <span class='ocrx_word' id='word_1_120' title='bbox 1369 2911 1526 2954; x_wconf 86' lang='lat' dir='ltr'><strong>nam·</strong></span> <span class='ocrx_word' id='word_1_121' title='bbox 1559 2891 1887 2955; x_wconf 78' lang='lat' dir='ltr'><strong>insimula-</strong></span> 
     </span>
     <span class='ocr_line' id='line_1_24' title="bbox 387 2990 1887 3077; baseline 0 -22"><span class='ocrx_word' id='word_1_122' title='bbox 387 3006 525 3056; x_wconf 88' lang='lat' dir='ltr'><strong>tum</strong></span> <span class='ocrx_word' id='word_1_123' title='bbox 567 2991 941 3077; x_wconf 72' lang='lat' dir='ltr'><strong>parricidii,</strong></span> <span class='ocrx_word' id='word_1_124' title='bbox 1004 3004 1078 3054; x_wconf 88' lang='lat' dir='ltr'><strong>ut</strong></span> <span class='ocrx_word' id='word_1_125' title='bbox 1121 2990 1444 3055; x_wconf 87' lang='lat' dir='ltr'><strong>creditum</strong></span> <span class='ocrx_word' id='word_1_126' title='bbox 1489 3006 1626 3070; x_wconf 88' lang='lat' dir='ltr'><strong>est,</strong></span> <span class='ocrx_word' id='word_1_127' title='bbox 1684 2994 1887 3057; x_wconf 86' lang='lat' dir='ltr'><strong>inter-</strong></span> 
     </span>
     <span class='ocr_line' id='line_1_25' title="bbox 389 3092 1883 3177; baseline 0 -19"><span class='ocrx_word' id='word_1_128' title='bbox 389 3096 551 3159; x_wconf 73' lang='lat' dir='ltr'><strong>emit</strong></span> <span class='ocrx_word' id='word_1_129' title='bbox 588 3108 810 3177; x_wconf 85' lang='lat' dir='ltr'><strong>pater,</strong></span> <span class='ocrx_word' id='word_1_130' title='bbox 857 3092 1196 3156; x_wconf 80' lang='lat' dir='ltr'><strong>referente</strong></span> <span class='ocrx_word' id='word_1_131' title='bbox 1239 3093 1411 3157; x_wconf 86' lang='lat' dir='ltr'><strong>istud</strong></span> <span class='ocrx_word' id='word_1_132' title='bbox 1455 3093 1692 3158; x_wconf 85' lang='lat' dir='ltr'><strong>eodem</strong></span> <span class='ocrx_word' id='word_1_133' title='bbox 1730 3095 1883 3158; x_wconf 88' lang='lat' dir='ltr'><strong>loco</strong></span> 
     </span>
     <span class='ocr_line' id='line_1_26' title="bbox 389 3195 1881 3263; baseline 0.001 -5"><span class='ocrx_word' id='word_1_134' title='bbox 389 3195 726 3259; x_wconf 79' lang='lat' dir='ltr'><strong>Suetonio.</strong></span> <span class='ocrx_word' id='word_1_135' title='bbox 837 3195 1026 3263; x_wconf 86' lang='lat' dir='ltr'><strong>onr</strong></span> <span class='ocrx_word' id='word_1_136' title='bbox 1081 3197 1162 3260; x_wconf 86' lang='lat'><strong>11.</strong></span> <span class='ocrx_word' id='word_1_137' title='bbox 1235 3196 1498 3259; x_wconf 87' lang='lat' dir='ltr'><strong>Galeria</strong></span> <span class='ocrx_word' id='word_1_138' title='bbox 1567 3195 1881 3259; x_wconf 74' lang='lat' dir='ltr'><strong>Fundana</strong></span> 
     </span>
     <span class='ocr_line' id='line_1_27' title="bbox 387 3285 1882 3381; baseline 0.002 -23"><span class='ocrx_word' id='word_1_139' title='bbox 387 3295 728 3381; x_wconf 76' lang='lat' dir='ltr'><strong>praetorio.</strong></span> <span class='ocrx_word' id='word_1_140' title='bbox 766 3285 985 3378; x_wconf 77' lang='lat' dir='ltr'><strong>patre..</strong></span> <span class='ocrx_word' id='word_1_141' title='bbox 1036 3298 1142 3358; x_wconf 87' lang='lat' dir='ltr'><strong>De</strong></span> <span class='ocrx_word' id='word_1_142' title='bbox 1180 3297 1310 3358; x_wconf 80' lang='lat' dir='ltr'><strong>ltac</strong></span> <span class='ocrx_word' id='word_1_143' title='bbox 1353 3317 1606 3378; x_wconf 81' lang='lat' dir='ltr'><strong>quoque</strong></span> <span class='ocrx_word' id='word_1_144' title='bbox 1641 3299 1882 3361; x_wconf 83' lang='lat' dir='ltr'><strong>liberos</strong></span> 
     </span>
     <span class='ocr_line' id='line_1_28' title="bbox 387 3398 1882 3475; baseline 0.003 -17"><span class='ocrx_word' id='word_1_145' title='bbox 387 3400 729 3475; x_wconf 73' lang='lat' dir='ltr'><strong>utriusque</strong></span> <span class='ocrx_word' id='word_1_146' title='bbox 770 3416 975 3460; x_wconf 75' lang='lat' dir='ltr'><strong>sexus</strong></span> <span class='ocrx_word' id='word_1_147' title='bbox 1016 3398 1227 3474; x_wconf 57' lang='lat' dir='ltr'><strong>tulit,</strong></span> <span class='ocrx_word' id='word_1_148' title='bbox 1263 3400 1381 3460; x_wconf 80' lang='lat' dir='ltr'><strong>sed</strong></span> <span class='ocrx_word' id='word_1_149' title='bbox 1420 3419 1666 3461; x_wconf 81' lang='lat' dir='ltr'><strong>marem</strong></span> <span class='ocrx_word' id='word_1_150' title='bbox 1718 3403 1882 3462; x_wconf 68' lang='lat' dir='ltr'><strong>titu-</strong></span> 
     </span>
     <span class='ocr_line' id='line_1_29' title="bbox 384 3498 1871 3583; baseline 0.002 -24"><span class='ocrx_word' id='word_1_151' title='bbox 384 3498 621 3561; x_wconf 80' lang='lat' dir='ltr'><strong>bantia</strong></span> <span class='ocrx_word' id='word_1_152' title='bbox 656 3500 795 3560; x_wconf 82' lang='lat' dir='ltr'><strong>oris</strong></span> <span class='ocrx_word' id='word_1_153' title='bbox 812 3516 1016 3579; x_wconf 82' lang='lat' dir='ltr'><strong>prope</strong></span> <span class='ocrx_word' id='word_1_154' title='bbox 1048 3510 1306 3559; x_wconf 81' lang='lat' dir='ltr'><strong>mutum</strong></span> <span class='ocrx_word' id='word_1_155' title='bbox 1334 3509 1404 3560; x_wconf 77' lang='lat' dir='ltr'><strong>et</strong></span> <span class='ocrx_word' id='word_1_156' title='bbox 1427 3500 1759 3582; x_wconf 78' lang='lat' dir='ltr'><strong>elinguem</strong></span> <span class='ocrx_word' id='word_1_157' title='bbox 1789 3503 1871 3583; x_wconf 68' lang='grc' dir='ltr'><strong>ο),</strong></span> 
     </span>
     <span class='ocr_line' id='line_1_30' title="bbox 383 3597 1883 3681; baseline 0.003 -22"><span class='ocrx_word' id='word_1_158' title='bbox 383 3597 779 3662; x_wconf 71' lang='lat' dir='ltr'><strong>Liberorum</strong></span> <span class='ocrx_word' id='word_1_159' title='bbox 816 3597 1074 3664; x_wconf 82' lang='lat' dir='ltr'><strong>Vitellii</strong></span> <span class='ocrx_word' id='word_1_160' title='bbox 1117 3618 1311 3681; x_wconf 89' lang='lat' dir='ltr'><strong>saepe</strong></span> <span class='ocrx_word' id='word_1_161' title='bbox 1361 3600 1730 3664; x_wconf 80' lang='lat' dir='ltr'><strong>meminere</strong></span> <span class='ocrx_word' id='word_1_162' title='bbox 1773 3623 1883 3664; x_wconf 89' lang='lat' dir='ltr'><strong>au·</strong></span> 
     </span>
     <span class='ocr_line' id='line_1_31' title="bbox 384 3698 1880 3781; baseline 0.002 -18"><span class='ocrx_word' id='word_1_163' title='bbox 384 3713 635 3780; x_wconf 78' lang='lat' dir='ltr'><strong>ctores,</strong></span> <span class='ocrx_word' id='word_1_164' title='bbox 692 3712 759 3763; x_wconf 87' lang='lat' dir='ltr'><strong>at</strong></span> <span class='ocrx_word' id='word_1_165' title='bbox 797 3717 1132 3781; x_wconf 84' lang='lat' dir='ltr'><strong>nunquam</strong></span> <span class='ocrx_word' id='word_1_166' title='bbox 1183 3698 1265 3763; x_wconf 88' lang='lat' dir='ltr'><strong>ab</strong></span> <span class='ocrx_word' id='word_1_167' title='bbox 1316 3700 1397 3764; x_wconf 84' lang='lat' dir='ltr'><strong>iis</strong></span> <span class='ocrx_word' id='word_1_168' title='bbox 1450 3701 1576 3764; x_wconf 85' lang='lat' dir='ltr'><strong>nisi</strong></span> <span class='ocrx_word' id='word_1_169' title='bbox 1630 3725 1880 3768; x_wconf 86' lang='lat' dir='ltr'><strong>marem</strong></span> 
     </span>
     <span class='ocr_line' id='line_1_32' title="bbox 384 3798 1879 3881; baseline 0.005 -18"><span class='ocrx_word' id='word_1_170' title='bbox 384 3821 587 3864; x_wconf 77' lang='lat' dir='ltr'><strong>unum</strong></span> <span class='ocrx_word' id='word_1_171' title='bbox 632 3813 702 3864; x_wconf 83' lang='lat' dir='ltr'><strong>et</strong></span> <span class='ocrx_word' id='word_1_172' title='bbox 741 3798 1082 3864; x_wconf 73' lang='lat' dir='ltr'><strong>femellam</strong></span> <span class='ocrx_word' id='word_1_173' title='bbox 1118 3804 1472 3867; x_wconf 88' lang='lat' dir='ltr'><strong>memorari</strong></span> <span class='ocrx_word' id='word_1_174' title='bbox 1514 3802 1747 3881; x_wconf 83' lang='lat' dir='ltr'><strong>video,</strong></span> <span class='ocrx_word' id='word_1_175' title='bbox 1803 3826 1879 3870; x_wconf 87' lang='lat' dir='ltr'><strong>ac</strong></span> 
     </span>
     <span class='ocr_line' id='line_1_33' title="bbox 387 3887 1880 3988; baseline 0.003 -25"><span class='ocrx_word' id='word_1_176' title='bbox 387 3902 654 3965; x_wconf 78' lang='lat' dir='ltr'><strong>Tacitus</strong></span> <span class='ocrx_word' id='word_1_177' title='bbox 714 3887 986 3987; x_wconf 77' lang='lat' dir='ltr'><strong>quidem.</strong></span> <span class='ocrx_word' id='word_1_178' title='bbox 1032 3902 1283 3978; x_wconf 79' lang='lat' dir='ltr'><strong>refert,</strong></span> <span class='ocrx_word' id='word_1_179' title='bbox 1351 3904 1615 3988; x_wconf 84' lang='lat' dir='ltr'><strong>jussisse</strong></span> <span class='ocrx_word' id='word_1_180' title='bbox 1670 3907 1880 3973; x_wconf 79' lang='lat' dir='ltr'><strong>Vitel-</strong></span> 
     </span>
     <span class='ocr_line' id='line_1_34' title="bbox 384 4002 1875 4071; baseline 0.003 -7"><span class='ocrx_word' id='word_1_181' title='bbox 384 4002 547 4065; x_wconf 80' lang='lat' dir='ltr'><strong>lium</strong></span> <span class='ocrx_word' id='word_1_182' title='bbox 599 4002 737 4065; x_wconf 82' lang='lat' dir='ltr'><strong>filio</strong></span> <span class='ocrx_word' id='word_1_183' title='bbox 785 4003 1024 4067; x_wconf 65' lang='lat' dir='ltr'><strong>infanti²</strong></span> <span class='ocrx_word' id='word_1_184' title='bbox 1071 4005 1451 4071; x_wconf 79' lang='lat' dir='ltr'><strong>uui-versum</strong></span> <span class='ocrx_word' id='word_1_185' title='bbox 1511 4007 1875 4070; x_wconf 78' lang='lat' dir='ltr'><strong>exereitum</strong></span> 
     </span>
     <span class='ocr_line' id='line_1_35' title="bbox 384 4101 1875 4191; baseline 0.003 -24"><span class='ocrx_word' id='word_1_186' title='bbox 384 4103 453 4167; x_wconf 83' lang='lat' dir='ltr'><strong>in</strong></span> <span class='ocrx_word' id='word_1_187' title='bbox 488 4101 718 4170; x_wconf 83' lang='lat' dir='ltr'><strong>Galliis</strong></span> <span class='ocrx_word' id='word_1_188' title='bbox 744 4124 1131 4183; x_wconf 75' lang='lat' dir='ltr'><strong>occurrere,</strong></span> <span class='ocrx_word' id='word_1_189' title='bbox 1173 4121 1241 4171; x_wconf 88' lang='lat' dir='ltr'><strong>et</strong></span> <span class='ocrx_word' id='word_1_190' title='bbox 1271 4122 1573 4191; x_wconf 86' lang='lat' dir='ltr'><strong>opertum</strong></span> <span class='ocrx_word' id='word_1_191' title='bbox 1614 4108 1875 4190; x_wconf 85' lang='lat' dir='ltr'><strong>paluda-</strong></span> 
     </span>
     <span class='ocr_line' id='line_1_36' title="bbox 385 4207 1876 4291; baseline 0.003 -24"><span class='ocrx_word' id='word_1_192' title='bbox 385 4217 610 4268; x_wconf 87' lang='lat' dir='ltr'><strong>mento</strong></span> <span class='ocrx_word' id='word_1_193' title='bbox 658 4209 1020 4289; x_wconf 72' lang='lat' dir='ltr'><strong>appellasse</strong></span> <span class='ocrx_word' id='word_1_194' title='bbox 1067 4209 1536 4271; x_wconf 81' lang='lat' dir='ltr'><strong>Germanicum</strong></span> <span class='ocrx_word' id='word_1_195' title='bbox 1581 4207 1666 4291; x_wconf 78' lang='lat' dir='ltr'><strong>d).</strong></span> <span class='ocrx_word' id='word_1_196' title='bbox 1741 4213 1876 4272; x_wconf 83' lang='lat' dir='ltr'><strong>Ma·</strong></span> 
     </span>
     <span class='ocr_line' id='line_1_37' title="bbox 384 4307 1874 4393; baseline 0.003 -21"><span class='ocrx_word' id='word_1_197' title='bbox 384 4309 502 4392; x_wconf 74' lang='lat' dir='ltr'><strong>gis-</strong></span> <span class='ocrx_word' id='word_1_198' title='bbox 530 4307 797 4373; x_wconf 83' lang='lat' dir='ltr'><strong>definite</strong></span> <span class='ocrx_word' id='word_1_199' title='bbox 837 4311 1127 4374; x_wconf 73' lang='lat' dir='ltr'><strong>Zonaras</strong></span> <span class='ocrx_word' id='word_1_200' title='bbox 1166 4311 1260 4393; x_wconf 57' lang='grc' dir='ltr'><strong>θ),</strong></span> <span class='ocrx_word' id='word_1_201' title='bbox 1314 4308 1619 4372; x_wconf 88' lang='lat' dir='ltr'><strong>nimirum</strong></span> <span class='ocrx_word' id='word_1_202' title='bbox 1661 4311 1874 4376; x_wconf 84' lang='lat' dir='ltr'><strong>audita</strong></span> 
     </span>
    </p>
   </div>
   <div class='ocr_carea' id='block_1_5' title="bbox 3327 612 3490 701">
    <p class='ocr_par' dir='ltr' id='par_1_9' title="bbox 3327 612 3490 701">
     <span class='ocr_line' id='line_1_38' title="bbox 3327 612 3490 701; baseline 0.018 -4"><span class='ocrx_word' id='word_1_203' title='bbox 3327 612 3490 701; x_wconf 62' lang='lat'><strong>“315</strong></span> 
     </span>
    </p>
   </div>
   <div class='ocr_carea' id='block_1_6' title="bbox 1989 760 3551 4411">
    <p class='ocr_par' dir='ltr' id='par_1_10' title="bbox 1989 760 3551 4411">
     <span class='ocr_line' id='line_1_39' title="bbox 2002 760 3488 848; baseline 0.018 -26"><span class='ocrx_word' id='word_1_204' title='bbox 2002 760 2286 825; x_wconf 85' lang='lat' dir='ltr'><strong>Othonis</strong></span> <span class='ocrx_word' id='word_1_205' title='bbox 2346 778 2559 829; x_wconf 89' lang='lat' dir='ltr'><strong>morte</strong></span> <span class='ocrx_word' id='word_1_206' title='bbox 2593 767 2697 832; x_wconf 84' lang='lat' dir='ltr'><strong>·ad</strong></span> <span class='ocrx_word' id='word_1_207' title='bbox 2737 769 3097 839; x_wconf 74' lang='lat' dir='ltr'><strong>Vitellium</strong></span> <span class='ocrx_word' id='word_1_208' title='bbox 3130 779 3199 841; x_wconf 87' lang='lat' dir='ltr'><strong>in</strong></span> <span class='ocrx_word' id='word_1_209' title='bbox 3243 770 3488 848; x_wconf 78' lang='lat' dir='ltr'><strong>Gallias</strong></span> 
     </span>
     <span class='ocr_line' id='line_1_40' title="bbox 1999 863 3484 962; baseline 0.013 -35"><span class='ocrx_word' id='word_1_210' title='bbox 1999 863 2367 929; x_wconf 66' lang='lat' dir='ltr'><strong>adem-risse</strong></span> <span class='ocrx_word' id='word_1_211' title='bbox 2408 888 2685 933; x_wconf 85' lang='lat' dir='ltr'><strong>uxorem</strong></span> <span class='ocrx_word' id='word_1_212' title='bbox 2729 893 2877 937; x_wconf 86' lang='lat' dir='ltr'><strong>cum</strong></span> <span class='ocrx_word' id='word_1_213' title='bbox 2921 875 3128 942; x_wconf 87' lang='lat' dir='ltr'><strong>filiolo</strong></span> <span class='ocrx_word' id='word_1_214' title='bbox 3174 867 3484 962; x_wconf 52' lang='lat' dir='ltr'><strong>sexenne.</strong></span> 
     </span>
     <span class='ocr_line' id='line_1_41' title="bbox 2000 971 3493 1050; baseline 0.016 -25"><span class='ocrx_word' id='word_1_215' title='bbox 2000 985 2193 1048; x_wconf 83' lang='lat' dir='ltr'><strong>quem</strong></span> <span class='ocrx_word' id='word_1_216' title='bbox 2231 987 2356 1050; x_wconf 89' lang='lat' dir='ltr'><strong>pro</strong></span> <span class='ocrx_word' id='word_1_217' title='bbox 2390 971 2706 1036; x_wconf 86' lang='lat' dir='ltr'><strong>concione</strong></span> <span class='ocrx_word' id='word_1_218' title='bbox 2748 976 3216 1043; x_wconf 71' lang='lat' dir='ltr'><strong>Germanicum</strong></span> <span class='ocrx_word' id='word_1_219' title='bbox 3258 997 3327 1046; x_wconf 81' lang='lat' dir='ltr'><strong>et</strong></span> <span class='ocrx_word' id='word_1_220' title='bbox 3370 989 3493 1048; x_wconf 80' lang='lat' dir='ltr'><strong>im-</strong></span> 
     </span>
     <span class='ocr_line' id='line_1_42' title="bbox 1991 1067 3493 1163; baseline 0.016 -37"><span class='ocrx_word' id='word_1_221' title='bbox 1991 1080 2407 1148; x_wconf 77' lang='lat' dir='ltr'><strong>peratorem,</strong></span> <span class='ocrx_word' id='word_1_222' title='bbox 2439 1067 2874 1154; x_wconf 73' lang='grc' dir='ltr'><strong>ἀυτοκρατορα,</strong></span> <span class='ocrx_word' id='word_1_223' title='bbox 2913 1081 3284 1163; x_wconf 80' lang='lat' dir='ltr'><strong>appellavit.</strong></span> <span class='ocrx_word' id='word_1_224' title='bbox 3330 1079 3493 1150; x_wconf 59' lang='lat' dir='ltr'><strong>Per-2</strong></span> 
     </span>
     <span class='ocr_line' id='line_1_43' title="bbox 2001 1171 3551 1252; baseline 0.017 -25"><span class='ocrx_word' id='word_1_225' title='bbox 2001 1188 2225 1248; x_wconf 87' lang='lat' dir='ltr'><strong>peram</strong></span> <span class='ocrx_word' id='word_1_226' title='bbox 2268 1171 2478 1234; x_wconf 87' lang='lat' dir='ltr'><strong>critici</strong></span> <span class='ocrx_word' id='word_1_227' title='bbox 2520 1174 2691 1238; x_wconf 88' lang='lat' dir='ltr'><strong>hunc</strong></span> <span class='ocrx_word' id='word_1_228' title='bbox 2728 1173 3019 1244; x_wconf 79' lang='lat' dir='ltr'><strong>Zonarae</strong></span> <span class='ocrx_word' id='word_1_229' title='bbox 3068 1183 3286 1248; x_wconf 85' lang='lat' dir='ltr'><strong>locum</strong></span> <span class='ocrx_word' id='word_1_230' title='bbox 3338 1192 3492 1252; x_wconf 87' lang='lat' dir='ltr'><strong>soli·-</strong></span> <span class='ocrx_word' id='word_1_231' title='bbox 3542 1177 3551 1184; x_wconf 55' lang='grc'><strong>”</strong></span> 
     </span>
     <span class='ocr_line' id='line_1_44' title="bbox 2003 1269 3491 1358; baseline 0.013 -26"><span class='ocrx_word' id='word_1_232' title='bbox 2003 1269 2229 1348; x_wconf 87' lang='lat' dir='ltr'><strong>citant,</strong></span> <span class='ocrx_word' id='word_1_233' title='bbox 2275 1285 2573 1358; x_wconf 84' lang='lat' dir='ltr'><strong>tanquam</strong></span> <span class='ocrx_word' id='word_1_234' title='bbox 2611 1278 3027 1344; x_wconf 83' lang='lat' dir='ltr'><strong>scribendum</strong></span> <span class='ocrx_word' id='word_1_235' title='bbox 3069 1286 3300 1350; x_wconf 83' lang='lat' dir='ltr'><strong>fuisset</strong></span> <span class='ocrx_word' id='word_1_236' title='bbox 3334 1291 3491 1351; x_wconf 64' lang='lat' dir='ltr'><strong>Kae-</strong></span> 
     </span>
     <span class='ocr_line' id='line_1_45' title="bbox 2003 1373 3493 1463; baseline 0.016 -33"><span class='ocrx_word' id='word_1_237' title='bbox 2003 1387 2197 1451; x_wconf 69' lang='grc' dir='ltr'><strong>σαρει,</strong></span> <span class='ocrx_word' id='word_1_238' title='bbox 2249 1373 2411 1436; x_wconf 59' lang='lat' dir='ltr'><strong>sn&#39;on</strong></span> <span class='ocrx_word' id='word_1_239' title='bbox 2480 1376 2903 1461; x_wconf 69' lang='grc' dir='ltr'><strong>ἁυτοκρατορα.</strong></span> <span class='ocrx_word' id='word_1_240' title='bbox 3001 1385 3349 1463; x_wconf 69' lang='lat' dir='ltr'><strong>Ridicula,</strong></span> <span class='ocrx_word' id='word_1_241' title='bbox 3416 1406 3493 1455; x_wconf 65' lang='lat' dir='ltr'><strong>ut</strong></span> 
     </span>
     <span class='ocr_line' id='line_1_46' title="bbox 1997 1473 3490 1566; baseline 0.015 -33"><span class='ocrx_word' id='word_1_242' title='bbox 1997 1487 2193 1554; x_wconf 85' lang='lat' dir='ltr'><strong>puto,</strong></span> <span class='ocrx_word' id='word_1_243' title='bbox 2257 1495 2366 1538; x_wconf 81' lang='lat' dir='ltr'><strong>res</strong></span> <span class='ocrx_word' id='word_1_244' title='bbox 2409 1476 2537 1540; x_wconf 81' lang='lat' dir='ltr'><strong>illis</strong></span> <span class='ocrx_word' id='word_1_245' title='bbox 2584 1477 2757 1556; x_wconf 52' lang='lat' dir='ltr'><strong>visa.</strong></span> <span class='ocrx_word' id='word_1_246' title='bbox 2813 1473 2983 1566; x_wconf 80' lang='lat' dir='ltr'><strong>puer</strong></span> <span class='ocrx_word' id='word_1_247' title='bbox 3024 1478 3329 1553; x_wconf 76' lang='lat' dir='ltr'><strong>sexennis</strong></span> <span class='ocrx_word' id='word_1_248' title='bbox 3370 1483 3490 1555; x_wconf 69' lang='lat' dir='ltr'><strong>im&#39;-</strong></span> 
     </span>
     <span class='ocr_line' id='line_1_47' title="bbox 1997 1577 3495 1672; baseline 0.015 -38"><span class='ocrx_word' id='word_1_249' title='bbox 1997 1587 2286 1657; x_wconf 86' lang='lat' dir='ltr'><strong>perator.</strong></span> <span class='ocrx_word' id='word_1_250' title='bbox 2363 1577 2614 1645; x_wconf 81' lang='lat' dir='ltr'><strong>Verum</strong></span> <span class='ocrx_word' id='word_1_251' title='bbox 2671 1603 2752 1644; x_wconf 88' lang='lat' dir='ltr'><strong>an</strong></span> <span class='ocrx_word' id='word_1_252' title='bbox 2805 1605 2938 1648; x_wconf 81' lang='lat' dir='ltr'><strong>non</strong></span> <span class='ocrx_word' id='word_1_253' title='bbox 2990 1608 3199 1672; x_wconf 87' lang='lat' dir='ltr'><strong>aeque</strong></span> <span class='ocrx_word' id='word_1_254' title='bbox 3250 1592 3495 1657; x_wconf 86' lang='lat' dir='ltr'><strong>ridicu-</strong></span> 
     </span>
     <span class='ocr_line' id='line_1_48' title="bbox 1997 1676 3489 1775; baseline 0.014 -37"><span class='ocrx_word' id='word_1_255' title='bbox 1997 1676 2167 1754; x_wconf 87' lang='lat' dir='ltr'><strong>lum,</strong></span> <span class='ocrx_word' id='word_1_256' title='bbox 2211 1698 2490 1761; x_wconf 87' lang='lat' dir='ltr'><strong>puerum</strong></span> <span class='ocrx_word' id='word_1_257' title='bbox 2527 1701 2881 1747; x_wconf 78' lang='lat' dir='ltr'><strong>sexennem</strong></span> <span class='ocrx_word' id='word_1_258' title='bbox 2922 1691 3186 1772; x_wconf 82' lang='lat' dir='ltr'><strong>operire</strong></span> <span class='ocrx_word' id='word_1_259' title='bbox 3226 1694 3489 1775; x_wconf 81' lang='lat' dir='ltr'><strong>paluda-</strong></span> 
     </span>
     <span class='ocr_line' id='line_1_49' title="bbox 1996 1793 2259 1856; baseline 0.004 -15"><span class='ocrx_word' id='word_1_260' title='bbox 1996 1793 2259 1856; x_wconf 82' lang='lat' dir='ltr'><strong>mento,</strong></span> 
     </span>
     <span class='ocr_line' id='line_1_50' title="bbox 1997 1878 3490 1978; baseline 0.018 -40"><span class='ocrx_word' id='word_1_261' title='bbox 1997 1878 2153 1963; x_wconf 73' lang='lat' dir='ltr'><strong>quin</strong></span> <span class='ocrx_word' id='word_1_262' title='bbox 2187 1900 2335 1943; x_wconf 86' lang='lat' dir='ltr'><strong>cum</strong></span> <span class='ocrx_word' id='word_1_263' title='bbox 2366 1884 2629 1946; x_wconf 79' lang='lat' dir='ltr'><strong>Tacitus</strong></span> <span class='ocrx_word' id='word_1_264' title='bbox 2663 1883 2911 1953; x_wconf 82' lang='lat' dir='ltr'><strong>diserte</strong></span> <span class='ocrx_word' id='word_1_265' title='bbox 2939 1889 3111 1953; x_wconf 87' lang='lat' dir='ltr'><strong>istud</strong></span> <span class='ocrx_word' id='word_1_266' title='bbox 3145 1912 3490 1978; x_wconf 77' lang='lat' dir='ltr'><strong>memoret,</strong></span> 
     </span>
     <span class='ocr_line' id='line_1_51' title="bbox 1996 1979 3492 2068; baseline 0.017 -29"><span class='ocrx_word' id='word_1_267' title='bbox 1996 1979 2453 2068; x_wconf 61' lang='lat' dir='ltr'><strong>videtur-ipse</strong></span> <span class='ocrx_word' id='word_1_268' title='bbox 2509 1985 2824 2062; x_wconf 84' lang='lat' dir='ltr'><strong>innuere,</strong></span> <span class='ocrx_word' id='word_1_269' title='bbox 2884 1993 2925 2053; x_wconf 80' lang='lat' dir='ltr'><strong>&#39;a</strong></span> <span class='ocrx_word' id='word_1_270' title='bbox 2967 1992 3242 2061; x_wconf 86' lang='lat' dir='ltr'><strong>Vitellio</strong></span> <span class='ocrx_word' id='word_1_271' title='bbox 3281 1997 3492 2064; x_wconf 82' lang='lat' dir='ltr'><strong>filium</strong></span> 
     </span>
     <span class='ocr_line' id='line_1_52' title="bbox 1996 2082 3495 2186; baseline 0.015 -42"><span class='ocrx_word' id='word_1_272' title='bbox 1996 2082 2187 2145; x_wconf 87' lang='lat' dir='ltr'><strong>militi</strong></span> <span class='ocrx_word' id='word_1_273' title='bbox 2268 2098 2568 2174; x_wconf 82' lang='lat' dir='ltr'><strong>tanquam</strong></span> <span class='ocrx_word' id='word_1_274' title='bbox 2642 2088 3110 2171; x_wconf 80' lang='lat' dir='ltr'><strong>imperatorem</strong></span> <span class='ocrx_word' id='word_1_275' title='bbox 3194 2095 3495 2186; x_wconf 81' lang='lat' dir='ltr'><strong>proposi-</strong></span> 
     </span>
     <span class='ocr_line' id='line_1_53' title="bbox 1995 2188 3485 2281; baseline 0.015 -38"><span class='ocrx_word' id='word_1_276' title='bbox 1995 2196 2176 2264; x_wconf 81' lang='lat' dir='ltr'><strong>tum,</strong></span> <span class='ocrx_word' id='word_1_277' title='bbox 2235 2205 2383 2247; x_wconf 88' lang='lat' dir='ltr'><strong>nam</strong></span> <span class='ocrx_word' id='word_1_278' title='bbox 2440 2188 2968 2272; x_wconf 76' lang='lat' dir='ltr'><strong>paludamentum</strong></span> <span class='ocrx_word' id='word_1_279' title='bbox 3025 2201 3293 2281; x_wconf 83' lang='lat' dir='ltr'><strong>proprie</strong></span> <span class='ocrx_word' id='word_1_280' title='bbox 3350 2224 3485 2267; x_wconf 85' lang='lat' dir='ltr'><strong>non</strong></span> 
     </span>
     <span class='ocr_line' id='line_1_54' title="bbox 1994 2283 3492 2386; baseline 0.017 -42"><span class='ocrx_word' id='word_1_281' title='bbox 1994 2283 2120 2346; x_wconf 78' lang='lat' dir='ltr'><strong>suit</strong></span> <span class='ocrx_word' id='word_1_282' title='bbox 2178 2284 2434 2351; x_wconf 86' lang='lat' dir='ltr'><strong>habitus</strong></span> <span class='ocrx_word' id='word_1_283' title='bbox 2495 2291 2882 2373; x_wconf 87' lang='lat' dir='ltr'><strong>Caesarum,</strong></span> <span class='ocrx_word' id='word_1_284' title='bbox 2961 2297 3083 2360; x_wconf 77' lang='lat' dir='ltr'><strong>sed</strong></span> <span class='ocrx_word' id='word_1_285' title='bbox 3139 2295 3492 2386; x_wconf 86' lang='lat' dir='ltr'><strong>imperato·-</strong></span> 
     </span>
     <span class='ocr_line' id='line_1_55' title="bbox 1993 2389 3491 2482; baseline 0.014 -32"><span class='ocrx_word' id='word_1_286' title='bbox 1993 2406 2163 2452; x_wconf 88' lang='lat' dir='ltr'><strong>rum.</strong></span> <span class='ocrx_word' id='word_1_287' title='bbox 2251 2389 2358 2450; x_wconf 82' lang='lat' dir='ltr'><strong>Ad</strong></span> <span class='ocrx_word' id='word_1_288' title='bbox 2426 2391 2590 2458; x_wconf 81' lang='lat' dir='ltr'><strong>haee</strong></span> <span class='ocrx_word' id='word_1_289' title='bbox 2652 2417 2735 2458; x_wconf 87' lang='lat' dir='ltr'><strong>an</strong></span> <span class='ocrx_word' id='word_1_290' title='bbox 2805 2398 3204 2482; x_wconf 80' lang='lat' dir='ltr'><strong>verisimile,</strong></span> <span class='ocrx_word' id='word_1_291' title='bbox 3279 2404 3491 2471; x_wconf 84' lang='lat' dir='ltr'><strong>filium</strong></span> 
     </span>
     <span class='ocr_line' id='line_1_56' title="bbox 1997 2487 3490 2589; baseline 0.017 -40"><span class='ocrx_word' id='word_1_292' title='bbox 1997 2487 2242 2553; x_wconf 85' lang='lat' dir='ltr'><strong>dictum</strong></span> <span class='ocrx_word' id='word_1_293' title='bbox 2299 2492 2647 2559; x_wconf 89' lang='lat' dir='ltr'><strong>Caesarem</strong></span> <span class='ocrx_word' id='word_1_294' title='bbox 2702 2521 2751 2561; x_wconf 80' lang='lat' dir='ltr'><strong>a·</strong></span> <span class='ocrx_word' id='word_1_295' title='bbox 2793 2514 3020 2581; x_wconf 82' lang='lat' dir='ltr'><strong>patre,</strong></span> <span class='ocrx_word' id='word_1_296' title='bbox 3092 2506 3203 2589; x_wconf 84' lang='lat' dir='ltr'><strong>qni</strong></span> <span class='ocrx_word' id='word_1_297' title='bbox 3260 2508 3490 2573; x_wconf 77' lang='lat' dir='ltr'><strong>Caesa-</strong></span> 
     </span>
     <span class='ocr_line' id='line_1_57' title="bbox 1994 2590 3488 2688; baseline 0.015 -37"><span class='ocrx_word' id='word_1_298' title='bbox 1994 2590 2086 2653; x_wconf 88' lang='lat' dir='ltr'><strong>ris</strong></span> <span class='ocrx_word' id='word_1_299' title='bbox 2126 2612 2366 2658; x_wconf 82' lang='lat' dir='ltr'><strong>nomen</strong></span> <span class='ocrx_word' id='word_1_300' title='bbox 2405 2594 2546 2678; x_wconf 86' lang='lat' dir='ltr'><strong>ipse</strong></span> <span class='ocrx_word' id='word_1_301' title='bbox 2586 2614 2959 2664; x_wconf 86' lang='lat' dir='ltr'><strong>constanter</strong></span> <span class='ocrx_word' id='word_1_302' title='bbox 2996 2620 3328 2670; x_wconf 69' lang='lat' dir='ltr'><strong>aversatus</strong></span> <span class='ocrx_word' id='word_1_303' title='bbox 3366 2626 3488 2688; x_wconf 72' lang='lat' dir='ltr'><strong>est,</strong></span> 
     </span>
     <span class='ocr_line' id='line_1_58' title="bbox 1998 2697 3500 2774; baseline 0.013 -20"><span class='ocrx_word' id='word_1_304' title='bbox 1998 2705 2101 2768; x_wconf 89' lang='lat' dir='ltr'><strong>et,</strong></span> <span class='ocrx_word' id='word_1_305' title='bbox 2146 2706 2223 2763; x_wconf 61' lang='lat' dir='ltr'><strong>‚ut</strong></span> <span class='ocrx_word' id='word_1_306' title='bbox 2268 2697 2644 2774; x_wconf 74' lang='lat' dir='ltr'><strong>docuimus,</strong></span> <span class='ocrx_word' id='word_1_307' title='bbox 2696 2702 2963 2764; x_wconf 76' lang='lat' dir='ltr'><strong>nonnisi.</strong></span> <span class='ocrx_word' id='word_1_308' title='bbox 2997 2709 3310 2770; x_wconf 80' lang='lat' dir='ltr'><strong>extremis</strong></span> <span class='ocrx_word' id='word_1_309' title='bbox 3354 2711 3500 2774; x_wconf 86' lang='lat' dir='ltr'><strong>die·</strong></span> 
     </span>
     <span class='ocr_line' id='line_1_59' title="bbox 2001 2791 3498 2888; baseline 0.015 -35"><span class='ocrx_word' id='word_1_310' title='bbox 2001 2791 2156 2870; x_wconf 86' lang='lat' dir='ltr'><strong>bus,</strong></span> <span class='ocrx_word' id='word_1_311' title='bbox 2224 2794 2424 2879; x_wconf 85' lang='lat' dir='ltr'><strong>idque</strong></span> <span class='ocrx_word' id='word_1_312' title='bbox 2484 2813 2751 2863; x_wconf 83' lang='lat' dir='ltr'><strong>coactus</strong></span> <span class='ocrx_word' id='word_1_313' title='bbox 2797 2803 3203 2888; x_wconf 78' lang='lat' dir='ltr'><strong>adsumpsit?</strong></span> <span class='ocrx_word' id='word_1_314' title='bbox 3270 2805 3498 2876; x_wconf 84' lang='lat' dir='ltr'><strong>Vnius</strong></span> 
     </span>
     <span class='ocr_line' id='line_1_60' title="bbox 2000 2893 3493 2976; baseline 0.013 -20"><span class='ocrx_word' id='word_1_315' title='bbox 2000 2893 2192 2976; x_wconf 87' lang='lat' dir='ltr'><strong>hujus</strong></span> <span class='ocrx_word' id='word_1_316' title='bbox 2268 2897 2478 2961; x_wconf 79' lang='lat' dir='ltr'><strong>adhuc</strong></span> <span class='ocrx_word' id='word_1_317' title='bbox 2549 2897 2669 2962; x_wconf 78' lang='lat' dir='ltr'><strong>filii</strong></span> <span class='ocrx_word' id='word_1_318' title='bbox 2744 2902 3121 2968; x_wconf 86' lang='lat' dir='ltr'><strong>Germanici</strong></span> <span class='ocrx_word' id='word_1_319' title='bbox 3194 2910 3493 2976; x_wconf 79' lang='lat' dir='ltr'><strong>meminit</strong></span> 
     </span>
     <span class='ocr_line' id='line_1_61' title="bbox 2002 2995 3492 3088; baseline 0.015 -33"><span class='ocrx_word' id='word_1_320' title='bbox 2002 2995 2263 3058; x_wconf 86' lang='lat' dir='ltr'><strong>Tacitus</strong></span> <span class='ocrx_word' id='word_1_321' title='bbox 2309 2998 2603 3082; x_wconf 87' lang='lat' dir='ltr'><strong>pluribus</strong></span> <span class='ocrx_word' id='word_1_322' title='bbox 2648 3003 2812 3067; x_wconf 89' lang='lat' dir='ltr'><strong>locis</strong></span> <span class='ocrx_word' id='word_1_323' title='bbox 2858 3002 2934 3088; x_wconf 77' lang='lat'><strong>¹).</strong></span> <span class='ocrx_word' id='word_1_324' title='bbox 2993 3009 3183 3072; x_wconf 71' lang='lat' dir='ltr'><strong>Anno</strong></span> <span class='ocrx_word' id='word_1_325' title='bbox 3226 3012 3492 3077; x_wconf 85' lang='lat' dir='ltr'><strong>demum</strong></span> 
     </span>
     <span class='ocr_line' id='line_1_62' title="bbox 2001 3101 3487 3193; baseline 0.015 -36"><span class='ocrx_word' id='word_1_326' title='bbox 2001 3110 2316 3180; x_wconf 86' lang='lat' dir='ltr'><strong>sequente</strong></span> <span class='ocrx_word' id='word_1_327' title='bbox 2354 3101 2436 3167; x_wconf 87' lang='lat' dir='ltr'><strong>V.</strong></span> <span class='ocrx_word' id='word_1_328' title='bbox 2470 3102 2542 3164; x_wconf 93' lang='lat' dir='ltr'><strong>C.</strong></span> <span class='ocrx_word' id='word_1_329' title='bbox 2577 3104 2702 3169; x_wconf 75' lang='lat'><strong>823</strong></span> <span class='ocrx_word' id='word_1_330' title='bbox 2744 3106 3175 3193; x_wconf 76' lang='lat' dir='ltr'><strong>interemptus</strong></span> <span class='ocrx_word' id='word_1_331' title='bbox 3213 3127 3313 3176; x_wconf 88' lang='lat' dir='ltr'><strong>est</strong></span> <span class='ocrx_word' id='word_1_332' title='bbox 3344 3118 3487 3179; x_wconf 72' lang='lat' dir='ltr'><strong>Mu«-</strong></span> 
     </span>
     <span class='ocr_line' id='line_1_63' title="bbox 1995 3197 3490 3281; baseline 0.013 -21"><span class='ocrx_word' id='word_1_333' title='bbox 1995 3197 2163 3260; x_wconf 84' lang='lat' dir='ltr'><strong>ciani</strong></span> <span class='ocrx_word' id='word_1_334' title='bbox 2195 3199 2809 3281; x_wconf 80' lang='lat' dir='ltr'><strong>jussn‚.mansuram</strong></span> <span class='ocrx_word' id='word_1_335' title='bbox 2836 3213 3237 3275; x_wconf 80' lang='lat' dir='ltr'><strong>discordiam</strong></span> <span class='ocrx_word' id='word_1_336' title='bbox 3269 3218 3490 3279; x_wconf 85' lang='lat' dir='ltr'><strong>obten-</strong></span> 
     </span>
     <span class='ocr_line' id='line_1_64' title="bbox 1992 3301 3485 3398; baseline 0.014 -37"><span class='ocrx_word' id='word_1_337' title='bbox 1992 3301 2250 3376; x_wconf 73' lang='lat' dir='ltr'><strong>dentis,</strong></span> <span class='ocrx_word' id='word_1_338' title='bbox 2300 3306 2375 3364; x_wconf 77' lang='lat' dir='ltr'><strong>ni</strong></span> <span class='ocrx_word' id='word_1_339' title='bbox 2426 3310 2681 3368; x_wconf 81' lang='lat' dir='ltr'><strong>semina</strong></span> <span class='ocrx_word' id='word_1_340' title='bbox 2727 3309 2892 3376; x_wconf 75' lang='lat' dir='ltr'><strong>belli</strong></span> <span class='ocrx_word' id='word_1_341' title='bbox 2932 3316 3358 3378; x_wconf 76' lang='lat' dir='ltr'><strong>restinxisset</strong></span> <span class='ocrx_word' id='word_1_342' title='bbox 3401 3319 3485 3398; x_wconf 71' lang='grc' dir='ltr'><strong>ε).</strong></span> 
     </span>
     <span class='ocr_line' id='line_1_65' title="bbox 1993 3400 3487 3497; baseline 0.013 -35"><span class='ocrx_word' id='word_1_343' title='bbox 1993 3400 2295 3464; x_wconf 80' lang='lat' dir='ltr'><strong>Felicior</strong></span> <span class='ocrx_word' id='word_1_344' title='bbox 2318 3401 2481 3483; x_wconf 85' lang='lat' dir='ltr'><strong>filia,</strong></span> <span class='ocrx_word' id='word_1_345' title='bbox 2519 3409 2721 3490; x_wconf 86' lang='lat' dir='ltr'><strong>quam</strong></span> <span class='ocrx_word' id='word_1_346' title='bbox 2740 3424 2928 3494; x_wconf 89' lang='lat' dir='ltr'><strong>pater</strong></span> <span class='ocrx_word' id='word_1_347' title='bbox 2957 3413 3303 3497; x_wconf 87' lang='lat' dir='ltr'><strong>imperium</strong></span> <span class='ocrx_word' id='word_1_348' title='bbox 3336 3416 3487 3481; x_wconf 68' lang='lat' dir='ltr'><strong>ade-</strong></span> 
     </span>
     <span class='ocr_line' id='line_1_66' title="bbox 1990 3503 3490 3605; baseline 0.013 -42"><span class='ocrx_word' id='word_1_349' title='bbox 1990 3515 2140 3586; x_wconf 86' lang='lat' dir='ltr'><strong>ptus</strong></span> <span class='ocrx_word' id='word_1_350' title='bbox 2179 3503 2597 3589; x_wconf 80' lang='lat' dir='ltr'><strong>desponsavit</strong></span> <span class='ocrx_word' id='word_1_351' title='bbox 2636 3512 2906 3578; x_wconf 87' lang='lat' dir='ltr'><strong>Valerio</strong></span> <span class='ocrx_word' id='word_1_352' title='bbox 2941 3516 3230 3582; x_wconf 82' lang='lat' dir='ltr'><strong>Asiatico</strong></span> <span class='ocrx_word' id='word_1_353' title='bbox 3264 3520 3490 3605; x_wconf 70' lang='lat' dir='ltr'><strong>Belgi-</strong></span> 
     </span>
     <span class='ocr_line' id='line_1_67' title="bbox 1995 3604 3484 3712; baseline 0.013 -46"><span class='ocrx_word' id='word_1_354' title='bbox 1995 3623 2112 3667; x_wconf 81' lang='lat' dir='ltr'><strong>cae</strong></span> <span class='ocrx_word' id='word_1_355' title='bbox 2149 3606 2370 3690; x_wconf 80' lang='lat' dir='ltr'><strong>legato</strong></span> <span class='ocrx_word' id='word_1_356' title='bbox 2400 3604 2489 3691; x_wconf 62' lang='grc'><strong>11).</strong></span> <span class='ocrx_word' id='word_1_357' title='bbox 2540 3611 2768 3676; x_wconf 85' lang='lat' dir='ltr'><strong>Serius</strong></span> <span class='ocrx_word' id='word_1_358' title='bbox 2797 3616 3230 3712; x_wconf 81' lang='lat' dir='ltr'><strong>Vespasianus</strong></span> <span class='ocrx_word' id='word_1_359' title='bbox 3268 3623 3484 3706; x_wconf 88' lang='lat' dir='ltr'><strong>splen-</strong></span> 
     </span>
     <span class='ocr_line' id='line_1_68' title="bbox 1996 3706 3488 3802; baseline 0.014 -35"><span class='ocrx_word' id='word_1_360' title='bbox 1996 3706 2328 3772; x_wconf 79' lang='lat' dir='ltr'><strong>didissime</strong></span> <span class='ocrx_word' id='word_1_361' title='bbox 2372 3712 2761 3792; x_wconf 86' lang='lat' dir='ltr'><strong>maritatam,</strong></span> <span class='ocrx_word' id='word_1_362' title='bbox 2811 3717 3131 3783; x_wconf 88' lang='lat' dir='ltr'><strong>incertum</strong></span> <span class='ocrx_word' id='word_1_363' title='bbox 3180 3724 3317 3802; x_wconf 88' lang='lat' dir='ltr'><strong>cui,</strong></span> <span class='ocrx_word' id='word_1_364' title='bbox 3372 3722 3488 3788; x_wconf 80' lang='lat' dir='ltr'><strong>de·</strong></span> 
     </span>
     <span class='ocr_line' id='line_1_69' title="bbox 1993 3810 3490 3909; baseline 0.012 -37"><span class='ocrx_word' id='word_1_365' title='bbox 1993 3810 2196 3887; x_wconf 60' lang='lat' dir='ltr'><strong>tavit.</strong></span> <span class='ocrx_word' id='word_1_366' title='bbox 2239 3826 2308 3875; x_wconf 90' lang='lat' dir='ltr'><strong>et</strong></span> <span class='ocrx_word' id='word_1_367' title='bbox 2359 3813 2663 3880; x_wconf 79' lang='lat' dir='ltr'><strong>instruxit</strong></span> <span class='ocrx_word' id='word_1_368' title='bbox 2706 3817 2776 3899; x_wconf 78' lang='lat' dir='ltr'><strong>i).</strong></span> <span class='ocrx_word' id='word_1_369' title='bbox 2851 3822 3015 3884; x_wconf 88' lang='lat' dir='ltr'><strong>Cum</strong></span> <span class='ocrx_word' id='word_1_370' title='bbox 3070 3844 3235 3909; x_wconf 85' lang='lat' dir='ltr'><strong>ergo</strong></span> <span class='ocrx_word' id='word_1_371' title='bbox 3284 3825 3490 3890; x_wconf 83' lang='lat' dir='ltr'><strong>histo</strong></span> 
     </span>
     <span class='ocr_line' id='line_1_70' title="bbox 1993 3912 3491 4012; baseline 0.014 -41"><span class='ocrx_word' id='word_1_372' title='bbox 1993 3912 2127 3974; x_wconf 76' lang='lat' dir='ltr'><strong>rici</strong></span> <span class='ocrx_word' id='word_1_373' title='bbox 2170 3934 2303 3974; x_wconf 89' lang='lat' dir='ltr'><strong>non</strong></span> <span class='ocrx_word' id='word_1_374' title='bbox 2357 3916 2623 3998; x_wconf 81' lang='lat' dir='ltr'><strong>plnres,</strong></span> <span class='ocrx_word' id='word_1_375' title='bbox 2693 3919 2820 3981; x_wconf 86' lang='lat' dir='ltr'><strong>nisi</strong></span> <span class='ocrx_word' id='word_1_376' title='bbox 2877 3920 3047 3986; x_wconf 79' lang='lat' dir='ltr'><strong>duos</strong></span> <span class='ocrx_word' id='word_1_377' title='bbox 3095 3928 3491 4012; x_wconf 69' lang='lat' dir='ltr'><strong>superstites</strong></span> 
     </span>
     <span class='ocr_line' id='line_1_71' title="bbox 1989 4011 3482 4112; baseline 0.009 -35"><span class='ocrx_word' id='word_1_378' title='bbox 1989 4011 2247 4077; x_wconf 78' lang='lat' dir='ltr'><strong>Vitellii</strong></span> <span class='ocrx_word' id='word_1_379' title='bbox 2299 4015 2555 4081; x_wconf 84' lang='lat' dir='ltr'><strong>liberos</strong></span> <span class='ocrx_word' id='word_1_380' title='bbox 2605 4019 2916 4101; x_wconf 73' lang='lat' dir='ltr'><strong>prodant,</strong></span> <span class='ocrx_word' id='word_1_381' title='bbox 2982 4037 3053 4086; x_wconf 85' lang='lat' dir='ltr'><strong>et</strong></span> <span class='ocrx_word' id='word_1_382' title='bbox 3111 4028 3293 4087; x_wconf 89' lang='lat' dir='ltr'><strong>numi</strong></span> <span class='ocrx_word' id='word_1_383' title='bbox 3355 4029 3482 4112; x_wconf 87' lang='lat' dir='ltr'><strong>ipsi</strong></span> 
     </span>
     <span class='ocr_line' id='line_1_72' title="bbox 1989 4111 3480 4202; baseline 0.012 -29"><span class='ocrx_word' id='word_1_384' title='bbox 1989 4111 2178 4176; x_wconf 87' lang='lat' dir='ltr'><strong>binos</strong></span> <span class='ocrx_word' id='word_1_385' title='bbox 2222 4127 2469 4179; x_wconf 85' lang='lat' dir='ltr'><strong>tantum</strong></span> <span class='ocrx_word' id='word_1_386' title='bbox 2518 4118 2775 4201; x_wconf 83' lang='lat' dir='ltr'><strong>sistant,</strong></span> <span class='ocrx_word' id='word_1_387' title='bbox 2838 4137 3091 4185; x_wconf 87' lang='lat' dir='ltr'><strong>certum</strong></span> <span class='ocrx_word' id='word_1_388' title='bbox 3139 4139 3275 4202; x_wconf 89' lang='lat' dir='ltr'><strong>est,</strong></span> <span class='ocrx_word' id='word_1_389' title='bbox 3345 4150 3480 4190; x_wconf 83' lang='lat' dir='ltr'><strong>non</strong></span> 
     </span>
     <span class='ocr_line' id='line_1_73' title="bbox 1989 4213 3481 4308; baseline 0.01 -33"><span class='ocrx_word' id='word_1_390' title='bbox 1989 4213 2203 4276; x_wconf 86' lang='lat' dir='ltr'><strong>alios</strong></span> <span class='ocrx_word' id='word_1_391' title='bbox 2185 4237 2249 4275; x_wconf 82' lang='lat' dir='ltr'><strong>tn</strong></span> <span class='ocrx_word' id='word_1_392' title='bbox 2287 4216 2387 4278; x_wconf 88' lang='lat' dir='ltr'><strong>his</strong></span> <span class='ocrx_word' id='word_1_393' title='bbox 2422 4218 2634 4283; x_wconf 90' lang='lat' dir='ltr'><strong>numis</strong></span> <span class='ocrx_word' id='word_1_394' title='bbox 2665 4226 2978 4306; x_wconf 86' lang='lat' dir='ltr'><strong>proponi,</strong></span> <span class='ocrx_word' id='word_1_395' title='bbox 3013 4247 3200 4308; x_wconf 89' lang='lat' dir='ltr'><strong>quam</strong></span> <span class='ocrx_word' id='word_1_396' title='bbox 3238 4226 3481 4291; x_wconf 75' lang='lat' dir='ltr'><strong>deseri·-</strong></span> 
     </span>
     <span class='ocr_line' id='line_1_74' title="bbox 1989 4315 3480 4411; baseline 0.013 -35"><span class='ocrx_word' id='word_1_397' title='bbox 1989 4327 2135 4400; x_wconf 74' lang='lat' dir='ltr'><strong>ptos</strong></span> <span class='ocrx_word' id='word_1_398' title='bbox 2180 4315 2292 4380; x_wconf 84' lang='lat' dir='ltr'><strong>hic</strong></span> <span class='ocrx_word' id='word_1_399' title='bbox 2335 4316 2541 4383; x_wconf 86' lang='lat' dir='ltr'><strong>filium</strong></span> <span class='ocrx_word' id='word_1_400' title='bbox 2592 4335 2661 4387; x_wconf 78' lang='lat' dir='ltr'><strong>et</strong></span> <span class='ocrx_word' id='word_1_401' title='bbox 2701 4322 2939 4389; x_wconf 56' lang='lat' dir='ltr'><strong>filiam-</strong></span> <span class='ocrx_word' id='word_1_402' title='bbox 2983 4326 3480 4411; x_wconf 80' lang='lat' dir='ltr'><strong>Adstipulantur</strong></span> 
     </span>
    </p>
   </div>
   <div class='ocr_carea' id='block_1_7' title="bbox 2650 4545 2715 4596">
    <p class='ocr_par' dir='ltr' id='par_1_11' title="bbox 2650 4545 2715 4596">
     <span class='ocr_line' id='line_1_75' title="bbox 2650 4545 2715 4596; baseline 0 -23"><span class='ocrx_word' id='word_1_403' title='bbox 2650 4545 2715 4596; x_wconf 68' lang='grc' dir='ltr'><strong>ἰ.</strong></span> 
     </span>
    </p>
   </div>
   <div class='ocr_carea' id='block_1_8' title="bbox 379 4640 3495 4896">
    <p class='ocr_par' dir='ltr' id='par_1_12' title="bbox 379 4640 3495 4896">
     <span class='ocr_line' id='line_1_76' title="bbox 449 4640 3495 4735; baseline 0.008 -37"><span class='ocrx_word' id='word_1_404' title='bbox 449 4646 513 4714; x_wconf 83' lang='lat' dir='ltr'><strong>a)</strong></span> <span class='ocrx_word' id='word_1_405' title='bbox 549 4641 621 4699; x_wconf 83' lang='lat' dir='ltr'><strong>In</strong></span> <span class='ocrx_word' id='word_1_406' title='bbox 651 4640 861 4700; x_wconf 85' lang='lat' dir='ltr'><strong>Claud.</strong></span> <span class='ocrx_word' id='word_1_407' title='bbox 898 4661 947 4699; x_wconf 86' lang='lat' dir='ltr'><strong>c.</strong></span> <span class='ocrx_word' id='word_1_408' title='bbox 969 4645 1053 4706; x_wconf 83' lang='lat'><strong>16.</strong></span> <span class='ocrx_word' id='word_1_409' title='bbox 1248 4643 1320 4714; x_wconf 77' lang='lat' dir='ltr'><strong>b)</strong></span> <span class='ocrx_word' id='word_1_410' title='bbox 1364 4643 1524 4700; x_wconf 84' lang='lat' dir='ltr'><strong>Suet.</strong></span> <span class='ocrx_word' id='word_1_411' title='bbox 1560 4665 1609 4703; x_wconf 87' lang='lat' dir='ltr'><strong>c.</strong></span> <span class='ocrx_word' id='word_1_412' title='bbox 1631 4648 1685 4714; x_wconf 85' lang='lat'><strong>6.</strong></span> <span class='ocrx_word' id='word_1_413' title='bbox 1717 4675 1725 4682; x_wconf 87' lang='lat'><strong>·</strong></span> <span class='ocrx_word' id='word_1_414' title='bbox 1883 4649 1947 4717; x_wconf 83' lang='lat' dir='ltr'><strong>c)</strong></span> <span class='ocrx_word' id='word_1_415' title='bbox 1988 4648 2147 4706; x_wconf 78' lang='lat' dir='ltr'><strong>Suet.</strong></span> <span class='ocrx_word' id='word_1_416' title='bbox 2181 4649 2219 4708; x_wconf 91' lang='grc'><strong>1.</strong></span> <span class='ocrx_word' id='word_1_417' title='bbox 2244 4670 2294 4706; x_wconf 85' lang='lat' dir='ltr'><strong>e.</strong></span> <span class='ocrx_word' id='word_1_418' title='bbox 2497 4654 2564 4726; x_wconf 85' lang='lat' dir='ltr'><strong>d)</strong></span> <span class='ocrx_word' id='word_1_419' title='bbox 2604 4655 2846 4717; x_wconf 80' lang='lat' dir='ltr'><strong>Hist.11.</strong></span> <span class='ocrx_word' id='word_1_420' title='bbox 2878 4673 2966 4735; x_wconf 87' lang='lat'><strong>59.</strong></span> <span class='ocrx_word' id='word_1_421' title='bbox 3166 4666 3225 4734; x_wconf 80' lang='lat' dir='ltr'><strong>e)</strong></span> <span class='ocrx_word' id='word_1_422' title='bbox 3265 4664 3495 4722; x_wconf 72' lang='lat' dir='ltr'><strong>Amani·-</strong></span> 
     </span>
     <span class='ocr_line' id='line_1_77' title="bbox 379 4730 3476 4825; baseline 0.009 -38"><span class='ocrx_word' id='word_1_423' title='bbox 379 4731 641 4789; x_wconf 81' lang='lat' dir='ltr'><strong>Tom.11.</strong></span> <span class='ocrx_word' id='word_1_424' title='bbox 824 4733 876 4801; x_wconf 83' lang='lat' dir='ltr'><strong>s)</strong></span> <span class='ocrx_word' id='word_1_425' title='bbox 917 4730 1066 4788; x_wconf 75' lang='lat' dir='ltr'><strong>nist.</strong></span> <span class='ocrx_word' id='word_1_426' title='bbox 1086 4731 1186 4791; x_wconf 91' lang='lat'><strong>111.</strong></span> <span class='ocrx_word' id='word_1_427' title='bbox 1211 4736 1301 4806; x_wconf 69' lang='grc' dir='ltr'><strong>βό.</strong></span> <span class='ocrx_word' id='word_1_428' title='bbox 1329 4737 1419 4796; x_wconf 84' lang='grc'><strong>67.</strong></span> <span class='ocrx_word' id='word_1_429' title='bbox 1448 4739 1537 4798; x_wconf 62' lang='lat'><strong>68.</strong></span> <span class='ocrx_word' id='word_1_430' title='bbox 1726 4738 1789 4812; x_wconf 73' lang='lat' dir='ltr'><strong>S)</strong></span> <span class='ocrx_word' id='word_1_431' title='bbox 1830 4737 2016 4795; x_wconf 84' lang='lat' dir='ltr'><strong>Tacit.</strong></span> <span class='ocrx_word' id='word_1_432' title='bbox 2050 4737 2202 4797; x_wconf 74' lang='lat' dir='ltr'><strong>nist.</strong></span> <span class='ocrx_word' id='word_1_433' title='bbox 2224 4741 2321 4800; x_wconf 68' lang='lat' dir='ltr'><strong>lv.</strong></span> <span class='ocrx_word' id='word_1_434' title='bbox 2354 4750 2441 4805; x_wconf 81' lang='lat'><strong>80.</strong></span> <span class='ocrx_word' id='word_1_435' title='bbox 2481 4746 2603 4802; x_wconf 72' lang='lat' dir='ltr'><strong>Dio.</strong></span> <span class='ocrx_word' id='word_1_436' title='bbox 2622 4747 2687 4805; x_wconf 92' lang='lat' dir='ltr'><strong>L.</strong></span> <span class='ocrx_word' id='word_1_437' title='bbox 2710 4748 2879 4808; x_wconf 78' lang='lat' dir='ltr'><strong>LXV.</strong></span> <span class='ocrx_word' id='word_1_438' title='bbox 2910 4765 2995 4813; x_wconf 81' lang='lat'><strong>22.</strong></span> <span class='ocrx_word' id='word_1_439' title='bbox 3181 4754 3251 4825; x_wconf 80' lang='lat' dir='ltr'><strong>h)</strong></span> <span class='ocrx_word' id='word_1_440' title='bbox 3288 4756 3476 4815; x_wconf 77' lang='lat' dir='ltr'><strong>Tacit.</strong></span> 
     </span>
     <span class='ocr_line' id='line_1_78' title="bbox 379 4819 1576 4896; baseline 0.003 -19"><span class='ocrx_word' id='word_1_441' title='bbox 379 4819 516 4881; x_wconf 66' lang='grc' dir='ltr'><strong>ΕΙ,</strong></span> <span class='ocrx_word' id='word_1_442' title='bbox 549 4833 634 4896; x_wconf 86' lang='lat'><strong>59.</strong></span> <span class='ocrx_word' id='word_1_443' title='bbox 819 4821 869 4893; x_wconf 69' lang='lat' dir='ltr'><strong>i)</strong></span> <span class='ocrx_word' id='word_1_444' title='bbox 909 4820 1067 4880; x_wconf 85' lang='lat' dir='ltr'><strong>Suet.</strong></span> <span class='ocrx_word' id='word_1_445' title='bbox 1102 4821 1164 4878; x_wconf 83' lang='lat' dir='ltr'><strong>in</strong></span> <span class='ocrx_word' id='word_1_446' title='bbox 1189 4822 1371 4896; x_wconf 86' lang='lat' dir='ltr'><strong>Vesp.</strong></span> <span class='ocrx_word' id='word_1_447' title='bbox 1405 4842 1455 4880; x_wconf 81' lang='lat' dir='ltr'><strong>c.</strong></span> <span class='ocrx_word' id='word_1_448' title='bbox 1480 4834 1576 4886; x_wconf 67' lang='lat'><strong>14..</strong></span> 
     </span>
    </p>
   </div>
   <div class='ocr_carea' id='block_1_9' title="bbox 2774 4931 2994 4990">
    <p class='ocr_par' dir='ltr' id='par_1_13' title="bbox 2774 4931 2994 4990">
     <span class='ocr_line' id='line_1_79' title="bbox 2774 4931 2994 4990; baseline 0.009 -2"><span class='ocrx_word' id='word_1_449' title='bbox 2774 4931 2994 4990; x_wconf 59' lang='lat' dir='ltr'><strong>Bra</strong></span> 
     </span>
    </p>
   </div>
   <div class='ocr_carea' id='block_1_10' title="bbox 2333 1790 3613 1861">
    <p class='ocr_par' dir='ltr' id='par_1_14' title="bbox 2333 1790 3613 1861">
     <span class='ocr_line' id='line_1_80' title="bbox 2333 1790 3613 1861; baseline 0.016 -18"><span class='ocrx_word' id='word_1_450' title='bbox 2333 1793 2406 1844; x_wconf 65' lang='lat' dir='ltr'><strong>ut</strong></span> <span class='ocrx_word' id='word_1_451' title='bbox 2477 1801 2631 1844; x_wconf 69' lang='lat' dir='ltr'><strong>mox</strong></span> <span class='ocrx_word' id='word_1_452' title='bbox 2705 1804 2790 1847; x_wconf 86' lang='lat' dir='ltr'><strong>ex</strong></span> <span class='ocrx_word' id='word_1_453' title='bbox 2861 1790 3090 1853; x_wconf 86' lang='lat' dir='ltr'><strong>Tacito</strong></span> <span class='ocrx_word' id='word_1_454' title='bbox 3163 1794 3492 1861; x_wconf 76' lang='lat' dir='ltr'><strong>vidimus?</strong></span> <span class='ocrx_word' id='word_1_455' title='bbox 3608 1809 3613 1818; x_wconf 53' lang='lat'>⁵</span> 
     </span>
    </p>
   </div>
  </div>
 </body>
</html>
