<?xml version="1.0" encoding="UTF-8"?>
<!DOCTYPE html PUBLIC "-//W3C//DTD XHTML 1.0 Transitional//EN"
    "http://www.w3.org/TR/xhtml1/DTD/xhtml1-transitional.dtd">
<html xmlns="http://www.w3.org/1999/xhtml" xml:lang="en" lang="en">
 <head>
  <title>
</title>
<meta http-equiv="Content-Type" content="text/html;charset=utf-8" />
  <meta name='ocr-system' content='tesseract 3.04.00' />
  <meta name='ocr-capabilities' content='ocr_page ocr_carea ocr_par ocr_line ocrx_word'/>
</head>
<body>
  <div class='ocr_page' id='page_1' title='image "./doctrinanumorum00unkngoog_0403.png"; bbox 0 0 4509 5584; ppageno 0'>
   <div class='ocr_carea' id='block_1_1' title="bbox 184 2615 1805 2702">
    <p class='ocr_par' dir='ltr' id='par_1_1' title="bbox 184 2615 1805 2702">
     <span class='ocr_line' id='line_1_1' title="bbox 184 2615 1805 2702; baseline 0 -21"><span class='ocrx_word' id='word_1_1' title='bbox 184 2674 193 2681; x_wconf 85' lang='grc'><strong>.</strong></span> <span class='ocrx_word' id='word_1_2' title='bbox 302 2618 580 2699; x_wconf 84' lang='lat' dir='ltr'><strong>privati,</strong></span> <span class='ocrx_word' id='word_1_3' title='bbox 659 2618 846 2701; x_wconf 89' lang='lat' dir='ltr'><strong>isque</strong></span> <span class='ocrx_word' id='word_1_4' title='bbox 917 2615 1267 2694; x_wconf 82' lang='lat' dir='ltr'><strong>suffectus,</strong></span> <span class='ocrx_word' id='word_1_5' title='bbox 1338 2640 1533 2702; x_wconf 86' lang='lat' dir='ltr'><strong>quem</strong></span> <span class='ocrx_word' id='word_1_6' title='bbox 1597 2620 1805 2702; x_wconf 81' lang='lat' dir='ltr'><strong>gessit</strong></span> 
     </span>
    </p>
   </div>
   <div class='ocr_carea' id='block_1_2' title="bbox 1466 560 2392 673">
    <p class='ocr_par' dir='ltr' id='par_1_2' title="bbox 1466 560 2392 673">
     <span class='ocr_line' id='line_1_2' title="bbox 1466 560 2392 673; baseline 0.003 -38"><span class='ocrx_word' id='word_1_7' title='bbox 1466 560 2269 642; x_wconf 78' lang='lat' dir='ltr'><strong>DOMITIAst.</strong></span> <span class='ocrx_word' id='word_1_8' title='bbox 2381 656 2392 673; x_wconf 15' lang='grc' dir='ltr'><strong>ἦ</strong></span> 
     </span>
    </p>
   </div>
   <div class='ocr_carea' id='block_1_3' title="bbox 629 960 3078 1427">
    <p class='ocr_par' dir='ltr' id='par_1_3' title="bbox 629 960 3078 1427">
     <span class='ocr_line' id='line_1_3' title="bbox 1580 960 2130 1034; baseline 0.02 -10"><span class='ocrx_word' id='word_1_9' title='bbox 1580 964 1645 1025; x_wconf 83' lang='grc' dir='ltr'><strong><em>Ρ</em></strong></span> <span class='ocrx_word' id='word_1_10' title='bbox 1662 960 1718 1025; x_wconf 74' lang='lat' dir='ltr'><em>R</em></span> <span class='ocrx_word' id='word_1_11' title='bbox 1738 960 1802 1026; x_wconf 83' lang='grc' dir='ltr'><em>Ε</em></span> <span class='ocrx_word' id='word_1_12' title='bbox 1824 964 1940 1030; x_wconf 87' lang='lat' dir='ltr'><strong>TI</strong></span> <span class='ocrx_word' id='word_1_13' title='bbox 1947 968 2020 1032; x_wconf 82' lang='lat' dir='ltr'><em>V</em></span> <span class='ocrx_word' id='word_1_14' title='bbox 2020 964 2130 1034; x_wconf 71' lang='lat' dir='ltr'><em>M</em></span> 
     </span>
     <span class='ocr_line' id='line_1_4' title="bbox 635 1136 3021 1211; baseline 0.003 -13"><span class='ocrx_word' id='word_1_15' title='bbox 635 1136 838 1199; x_wconf 79' lang='lat' dir='ltr'><strong>Aurei</strong></span> <span class='ocrx_word' id='word_1_16' title='bbox 1064 1171 1091 1185; x_wconf 90' lang='lat'>-</span> <span class='ocrx_word' id='word_1_17' title='bbox 1262 1172 1289 1186; x_wconf 90' lang='lat'>-</span> <span class='ocrx_word' id='word_1_18' title='bbox 1350 1181 1356 1191; x_wconf 83' lang='grc'><strong>.</strong></span> <span class='ocrx_word' id='word_1_19' title='bbox 1455 1170 1487 1187; x_wconf 87' lang='lat'>-</span> <span class='ocrx_word' id='word_1_20' title='bbox 1640 1176 1677 1189; x_wconf 88' lang='lat'><strong>--</strong></span> <span class='ocrx_word' id='word_1_21' title='bbox 1846 1180 1872 1195; x_wconf 88' lang='lat'><strong>..</strong></span> <span class='ocrx_word' id='word_1_22' title='bbox 2039 1182 2067 1198; x_wconf 87' lang='lat'><em>.</em></span> <span class='ocrx_word' id='word_1_23' title='bbox 2233 1177 2263 1193; x_wconf 91' lang='lat'>-</span> <span class='ocrx_word' id='word_1_24' title='bbox 2297 1204 2308 1211; x_wconf 61' lang='grc'><strong><em>,</em></strong></span> <span class='ocrx_word' id='word_1_25' title='bbox 2426 1175 2454 1191; x_wconf 86' lang='grc'>-</span> <span class='ocrx_word' id='word_1_26' title='bbox 2615 1172 2647 1190; x_wconf 83' lang='lat'>-</span> <span class='ocrx_word' id='word_1_27' title='bbox 2815 1140 3021 1205; x_wconf 75' lang='lat' dir='ltr'><strong>RRR.</strong></span> 
     </span>
     <span class='ocr_line' id='line_1_5' title="bbox 629 1237 2964 1321; baseline 0.002 -22"><span class='ocrx_word' id='word_1_28' title='bbox 629 1237 949 1321; x_wconf 68' lang='lat' dir='ltr'><strong>Ar&#39;gentei</strong></span> <span class='ocrx_word' id='word_1_29' title='bbox 1066 1273 1092 1286; x_wconf 94' lang='lat'>-</span> <span class='ocrx_word' id='word_1_30' title='bbox 2815 1245 2964 1309; x_wconf 85' lang='lat' dir='ltr'><strong>RR.</strong></span> 
     </span>
     <span class='ocr_line' id='line_1_6' title="bbox 633 1338 3078 1427; baseline 0.002 -26"><span class='ocrx_word' id='word_1_31' title='bbox 633 1338 959 1420; x_wconf 83' lang='lat' dir='ltr'><strong>Argentei</strong></span> <span class='ocrx_word' id='word_1_32' title='bbox 995 1358 1165 1403; x_wconf 81' lang='lat' dir='ltr'><strong>max.</strong></span> <span class='ocrx_word' id='word_1_33' title='bbox 1201 1338 1454 1405; x_wconf 84' lang='lat' dir='ltr'><strong>formae</strong></span> <span class='ocrx_word' id='word_1_34' title='bbox 1488 1363 1683 1427; x_wconf 80' lang='lat' dir='ltr'><strong>supra</strong></span> <span class='ocrx_word' id='word_1_35' title='bbox 1713 1345 1896 1410; x_wconf 63' lang='lat' dir='ltr'><strong>&gt;eit-ati</strong></span> <span class='ocrx_word' id='word_1_36' title='bbox 2812 1344 3078 1405; x_wconf 83' lang='lat' dir='ltr'><strong>RRRR.</strong></span> 
     </span>
    </p>
   </div>
   <div class='ocr_carea' id='block_1_4' title="bbox 629 1438 3088 1730">
    <p class='ocr_par' dir='ltr' id='par_1_4' title="bbox 629 1438 3088 1730">
     <span class='ocr_line' id='line_1_7' title="bbox 630 1438 2897 1505; baseline 0.001 -5"><span class='ocrx_word' id='word_1_37' title='bbox 630 1439 847 1501; x_wconf 81' lang='lat' dir='ltr'><strong>Aenei</strong></span> <span class='ocrx_word' id='word_1_38' title='bbox 886 1442 937 1504; x_wconf 86' lang='lat'><strong>1.</strong></span> <span class='ocrx_word' id='word_1_39' title='bbox 967 1438 1221 1503; x_wconf 86' lang='lat' dir='ltr'><strong>formae</strong></span> <span class='ocrx_word' id='word_1_40' title='bbox 1384 1492 1413 1505; x_wconf 34' lang='lat' dir='ltr'><strong>a</strong></span> <span class='ocrx_word' id='word_1_41' title='bbox 1455 1477 1483 1492; x_wconf 90' lang='lat'><strong>·</strong></span> <span class='ocrx_word' id='word_1_42' title='bbox 1648 1479 1676 1493; x_wconf 90' lang='lat'>-</span> <span class='ocrx_word' id='word_1_43' title='bbox 1841 1482 1870 1498; x_wconf 88' lang='lat'><em>-</em></span> <span class='ocrx_word' id='word_1_44' title='bbox 2038 1483 2065 1497; x_wconf 89' lang='lat'>-</span> <span class='ocrx_word' id='word_1_45' title='bbox 2231 1482 2260 1496; x_wconf 88' lang='lat'>-</span> <span class='ocrx_word' id='word_1_46' title='bbox 2423 1480 2451 1493; x_wconf 93' lang='lat'>-</span> <span class='ocrx_word' id='word_1_47' title='bbox 2570 1451 2574 1461; x_wconf 85' lang='lat'>&#39;</span> <span class='ocrx_word' id='word_1_48' title='bbox 2621 1477 2648 1492; x_wconf 86' lang='lat'><strong>·</strong></span> <span class='ocrx_word' id='word_1_49' title='bbox 2815 1444 2897 1503; x_wconf 85' lang='lat' dir='ltr'><strong>R.</strong></span> 
     </span>
     <span class='ocr_line' id='line_1_8' title="bbox 636 1541 3088 1611; baseline 0.004 -10"><span class='ocrx_word' id='word_1_50' title='bbox 636 1541 851 1603; x_wconf 75' lang='lat' dir='ltr'><strong>Aenei</strong></span> <span class='ocrx_word' id='word_1_51' title='bbox 891 1542 973 1605; x_wconf 89' lang='lat'><strong>11.</strong></span> <span class='ocrx_word' id='word_1_52' title='bbox 1017 1542 1270 1606; x_wconf 87' lang='lat' dir='ltr'><strong>formae</strong></span> <span class='ocrx_word' id='word_1_53' title='bbox 1461 1578 1490 1592; x_wconf 91' lang='lat'>-</span> <span class='ocrx_word' id='word_1_54' title='bbox 1654 1578 1684 1598; x_wconf 76' lang='grc' dir='ltr'><strong><em>ο</em></strong></span> <span class='ocrx_word' id='word_1_55' title='bbox 1850 1582 1901 1611; x_wconf 77' lang='grc'><strong>-,</strong></span> <span class='ocrx_word' id='word_1_56' title='bbox 2041 1583 2069 1598; x_wconf 89' lang='lat'><strong>·</strong></span> <span class='ocrx_word' id='word_1_57' title='bbox 2233 1580 2264 1597; x_wconf 89' lang='lat'><strong>··</strong></span> <span class='ocrx_word' id='word_1_58' title='bbox 2419 1575 2451 1594; x_wconf 87' lang='lat'><em>-</em></span> <span class='ocrx_word' id='word_1_59' title='bbox 2607 1578 2641 1594; x_wconf 86' lang='lat'><strong>·</strong></span> <span class='ocrx_word' id='word_1_60' title='bbox 2804 1545 2889 1610; x_wconf 76' lang='lat' dir='ltr'><strong>G.</strong></span> <span class='ocrx_word' id='word_1_61' title='bbox 2913 1544 3088 1611; x_wconf 56' lang='lat' dir='ltr'><strong>fere.</strong></span> 
     </span>
     <span class='ocr_line' id='line_1_9' title="bbox 629 1639 2466 1730; baseline 0.004 -26"><span class='ocrx_word' id='word_1_62' title='bbox 629 1643 736 1706; x_wconf 88' lang='lat' dir='ltr'><strong>De</strong></span> <span class='ocrx_word' id='word_1_63' title='bbox 773 1642 986 1707; x_wconf 73' lang='lat' dir='ltr'><strong>numia</strong></span> <span class='ocrx_word' id='word_1_64' title='bbox 1018 1644 1358 1725; x_wconf 80' lang='lat' dir='ltr'><strong>commatis</strong></span> <span class='ocrx_word' id='word_1_65' title='bbox 1393 1639 1734 1730; x_wconf 79' lang='lat' dir='ltr'><strong>peregrini</strong></span> <span class='ocrx_word' id='word_1_66' title='bbox 1769 1651 2078 1715; x_wconf 82' lang='lat' dir='ltr'><strong>continuo</strong></span> <span class='ocrx_word' id='word_1_67' title='bbox 2118 1662 2352 1714; x_wconf 74' lang='lat' dir='ltr'><strong>actum.</strong></span> <span class='ocrx_word' id='word_1_68' title='bbox 2460 1662 2466 1667; x_wconf 80' lang='grc'><em>·</em></span> 
     </span>
    </p>
   </div>
   <div class='ocr_carea' id='block_1_5' title="bbox 1467 1926 2262 2013">
    <p class='ocr_par' dir='ltr' id='par_1_5' title="bbox 1467 1926 2262 2013">
     <span class='ocr_line' id='line_1_10' title="bbox 1467 1926 2262 2013; baseline 0.003 -21"><span class='ocrx_word' id='word_1_69' title='bbox 1467 1926 2262 2013; x_wconf 71' lang='lat' dir='ltr'><em>DOMITIANVS.</em></span> 
     </span>
    </p>
   </div>
   <div class='ocr_carea' id='block_1_6' title="bbox 302 2103 3413 3009">
    <p class='ocr_par' dir='ltr' id='par_1_6' title="bbox 304 2103 3411 2599">
     <span class='ocr_line' id='line_1_11' title="bbox 388 2103 3410 2193; baseline 0.002 -25"><span class='ocrx_word' id='word_1_70' title='bbox 388 2108 591 2170; x_wconf 83' lang='lat' dir='ltr'><strong>Natus</strong></span> <span class='ocrx_word' id='word_1_71' title='bbox 646 2116 751 2168; x_wconf 84' lang='lat' dir='ltr'><strong>est</strong></span> <span class='ocrx_word' id='word_1_72' title='bbox 807 2120 891 2166; x_wconf 83' lang='lat' dir='ltr'><strong>ex</strong></span> <span class='ocrx_word' id='word_1_73' title='bbox 941 2106 1363 2191; x_wconf 73' lang='lat' dir='ltr'><strong>Vespasiano</strong></span> <span class='ocrx_word' id='word_1_74' title='bbox 1395 2123 1464 2172; x_wconf 89' lang='lat' dir='ltr'><strong>et</strong></span> <span class='ocrx_word' id='word_1_75' title='bbox 1508 2111 1615 2176; x_wconf 85' lang='lat' dir='ltr'><strong>Fl.</strong></span> <span class='ocrx_word' id='word_1_76' title='bbox 1666 2114 1802 2174; x_wconf 90' lang='lat' dir='ltr'><strong>Do·</strong></span> <span class='ocrx_word' id='word_1_77' title='bbox 1914 2110 2100 2175; x_wconf 86' lang='lat' dir='ltr'><strong>tellio</strong></span> <span class='ocrx_word' id='word_1_78' title='bbox 2131 2128 2525 2193; x_wconf 83' lang='lat' dir='ltr'><strong>progressus</strong></span> <span class='ocrx_word' id='word_1_79' title='bbox 2560 2128 2597 2171; x_wconf 90' lang='lat' dir='ltr'><strong>e</strong></span> <span class='ocrx_word' id='word_1_80' title='bbox 2629 2106 2901 2172; x_wconf 84' lang='lat' dir='ltr'><strong>latebris</strong></span> <span class='ocrx_word' id='word_1_81' title='bbox 2928 2103 3336 2172; x_wconf 81' lang='lat' dir='ltr'><strong>Domitianus</strong></span> <span class='ocrx_word' id='word_1_82' title='bbox 3370 2131 3410 2172; x_wconf 82' lang='lat' dir='ltr'><strong>a</strong></span> 
     </span>
     <span class='ocr_line' id='line_1_12' title="bbox 305 2206 3404 2293; baseline 0.001 -23"><span class='ocrx_word' id='word_1_83' title='bbox 305 2208 540 2271; x_wconf 86' lang='lat' dir='ltr'><strong>mitilla</strong></span> <span class='ocrx_word' id='word_1_84' title='bbox 579 2208 695 2273; x_wconf 81' lang='lat' dir='ltr'><strong>lx.</strong></span> <span class='ocrx_word' id='word_1_85' title='bbox 737 2206 880 2269; x_wconf 75' lang='lat' dir='ltr'><strong>nal.</strong></span> <span class='ocrx_word' id='word_1_86' title='bbox 917 2209 1085 2274; x_wconf 79' lang='lat' dir='ltr'><strong>Nov.</strong></span> <span class='ocrx_word' id='word_1_87' title='bbox 1131 2223 1319 2293; x_wconf 87' lang='lat' dir='ltr'><strong>patre</strong></span> <span class='ocrx_word' id='word_1_88' title='bbox 1367 2213 1638 2276; x_wconf 87' lang='lat' dir='ltr'><strong>consule</strong></span> <span class='ocrx_word' id='word_1_89' title='bbox 1689 2213 1807 2277; x_wconf 84' lang='lat' dir='ltr'><strong>de·</strong></span> <span class='ocrx_word' id='word_1_90' title='bbox 1913 2214 2224 2275; x_wconf 84' lang='lat' dir='ltr'><strong>militibus</strong></span> <span class='ocrx_word' id='word_1_91' title='bbox 2255 2213 2494 2274; x_wconf 86' lang='lat' dir='ltr'><strong>Caesar</strong></span> <span class='ocrx_word' id='word_1_92' title='bbox 2522 2210 3075 2291; x_wconf 55' lang='lat' dir='ltr'><strong>consalutatus-0).</strong></span> <span class='ocrx_word' id='word_1_93' title='bbox 3119 2210 3404 2273; x_wconf 78' lang='lat' dir='ltr'><strong>Militum</strong></span> 
     </span>
     <span class='ocr_line' id='line_1_13' title="bbox 307 2302 3411 2399; baseline 0.001 -26"><span class='ocrx_word' id='word_1_94' title='bbox 307 2310 596 2394; x_wconf 84' lang='lat' dir='ltr'><strong>signato,</strong></span> <span class='ocrx_word' id='word_1_95' title='bbox 672 2309 1047 2394; x_wconf 87' lang='lat' dir='ltr'><strong>inituroque</strong></span> <span class='ocrx_word' id='word_1_96' title='bbox 1114 2302 1342 2376; x_wconf 83' lang='lat' dir='ltr'><strong>mense</strong></span> <span class='ocrx_word' id='word_1_97' title='bbox 1412 2313 1796 2399; x_wconf 80' lang='lat' dir='ltr'><strong>insequente</strong></span> <span class='ocrx_word' id='word_1_98' title='bbox 1909 2313 2224 2398; x_wconf 85' lang='lat' dir='ltr'><strong>judicium</strong></span> <span class='ocrx_word' id='word_1_99' title='bbox 2291 2311 2632 2375; x_wconf 80' lang='lat' dir='ltr'><strong>confirmat</strong></span> <span class='ocrx_word' id='word_1_100' title='bbox 2687 2324 2983 2389; x_wconf 85' lang='lat' dir='ltr'><strong>senatus,</strong></span> <span class='ocrx_word' id='word_1_101' title='bbox 3048 2312 3161 2396; x_wconf 84' lang='lat' dir='ltr'><strong>qui</strong></span> <span class='ocrx_word' id='word_1_102' title='bbox 3222 2334 3411 2395; x_wconf 88' lang='lat' dir='ltr'><strong>prae-</strong></span> 
     </span>
     <span class='ocr_line' id='line_1_14' title="bbox 305 2412 3410 2498; baseline 0.002 -25"><span class='ocrx_word' id='word_1_103' title='bbox 305 2413 665 2490; x_wconf 87' lang='lat' dir='ltr'><strong>honorem,</strong></span> <span class='ocrx_word' id='word_1_104' title='bbox 711 2426 782 2474; x_wconf 91' lang='lat' dir='ltr'><strong>ut</strong></span> <span class='ocrx_word' id='word_1_105' title='bbox 815 2424 1087 2475; x_wconf 87' lang='lat' dir='ltr'><strong>testatur</strong></span> <span class='ocrx_word' id='word_1_106' title='bbox 1124 2412 1475 2478; x_wconf 83' lang='lat' dir='ltr'><strong>Suetonius</strong></span> <span class='ocrx_word' id='word_1_107' title='bbox 1515 2422 1594 2498; x_wconf 69' lang='grc' dir='ltr'><strong>ει).</strong></span> <span class='ocrx_word' id='word_1_108' title='bbox 1646 2416 1800 2478; x_wconf 88' lang='lat' dir='ltr'><strong>Fuit</strong></span> <span class='ocrx_word' id='word_1_109' title='bbox 1910 2430 2095 2479; x_wconf 85' lang='lat' dir='ltr'><strong>terea</strong></span> <span class='ocrx_word' id='word_1_110' title='bbox 2119 2414 2495 2477; x_wconf 88' lang='lat' dir='ltr'><strong>Domitiano</strong></span> <span class='ocrx_word' id='word_1_111' title='bbox 2543 2426 2932 2498; x_wconf 78' lang='lat' dir='ltr'><strong>praeturam·</strong></span> <span class='ocrx_word' id='word_1_112' title='bbox 2951 2412 3299 2491; x_wconf 82' lang='lat' dir='ltr'><strong>urbanam,</strong></span> <span class='ocrx_word' id='word_1_113' title='bbox 3341 2429 3410 2478; x_wconf 88' lang='lat' dir='ltr'><strong>et</strong></span> 
     </span>
     <span class='ocr_line' id='line_1_15' title="bbox 304 2514 3118 2599; baseline -0 -22"><span class='ocrx_word' id='word_1_114' title='bbox 304 2516 412 2578; x_wconf 88' lang='lat' dir='ltr'><strong>hic</strong></span> <span class='ocrx_word' id='word_1_115' title='bbox 454 2515 704 2599; x_wconf 85' lang='lat' dir='ltr'><strong>primus</strong></span> <span class='ocrx_word' id='word_1_116' title='bbox 742 2514 1133 2597; x_wconf 81' lang='lat' dir='ltr'><strong>Vespasiani</strong></span> <span class='ocrx_word' id='word_1_117' title='bbox 1175 2516 1546 2578; x_wconf 81' lang='lat' dir='ltr'><strong>consulatus</strong></span> <span class='ocrx_word' id='word_1_118' title='bbox 1588 2516 1802 2591; x_wconf 81' lang='lat' dir='ltr'><strong>adhuc</strong></span> <span class='ocrx_word' id='word_1_119' title='bbox 1917 2518 2261 2581; x_wconf 83' lang='lat' dir='ltr'><strong>consulare</strong></span> <span class='ocrx_word' id='word_1_120' title='bbox 2291 2516 2642 2598; x_wconf 74' lang='lat' dir='ltr'><strong>imperium</strong></span> <span class='ocrx_word' id='word_1_121' title='bbox 2679 2516 2979 2579; x_wconf 77' lang='lat' dir='ltr'><strong>decernit</strong></span> <span class='ocrx_word' id='word_1_122' title='bbox 3009 2514 3118 2598; x_wconf 54' lang='grc' dir='ltr'><strong>ἃ).</strong></span> 
     </span>
    </p>

    <p class='ocr_par' dir='ltr' id='par_1_7' title="bbox 302 2616 3413 3009">
     <span class='ocr_line' id='line_1_16' title="bbox 2001 2616 3411 2705; baseline -0.001 -26"><span class='ocrx_word' id='word_1_123' title='bbox 2001 2620 2159 2679; x_wconf 82' lang='lat' dir='ltr'><strong>Dixi</strong></span> <span class='ocrx_word' id='word_1_124' title='bbox 2197 2619 2265 2679; x_wconf 86' lang='lat' dir='ltr'><strong>in</strong></span> <span class='ocrx_word' id='word_1_125' title='bbox 2311 2618 2524 2680; x_wconf 87' lang='lat' dir='ltr'><strong>numis</strong></span> <span class='ocrx_word' id='word_1_126' title='bbox 2565 2617 2983 2701; x_wconf 80' lang='lat' dir='ltr'><strong>Vespasiani,</strong></span> <span class='ocrx_word' id='word_1_127' title='bbox 3041 2629 3112 2679; x_wconf 91' lang='lat' dir='ltr'><strong>et</strong></span> <span class='ocrx_word' id='word_1_128' title='bbox 3139 2617 3279 2705; x_wconf 65' lang='lat' dir='ltr'><strong>[riti</strong></span> <span class='ocrx_word' id='word_1_129' title='bbox 3328 2616 3411 2679; x_wconf 84' lang='lat' dir='ltr'><strong>ad</strong></span> 
     </span>
     <span class='ocr_line' id='line_1_17' title="bbox 302 2710 3409 2805; baseline -0 -25"><span class='ocrx_word' id='word_1_130' title='bbox 302 2739 427 2801; x_wconf 88' lang='lat' dir='ltr'><strong>per</strong></span> <span class='ocrx_word' id='word_1_131' title='bbox 468 2719 949 2797; x_wconf 82' lang='lat' dir='ltr'><strong>Novembrem‚</strong></span> <span class='ocrx_word' id='word_1_132' title='bbox 1000 2734 1069 2784; x_wconf 91' lang='lat' dir='ltr'><strong>et</strong></span> <span class='ocrx_word' id='word_1_133' title='bbox 1110 2721 1555 2784; x_wconf 86' lang='lat' dir='ltr'><strong>Decembrem</strong></span> <span class='ocrx_word' id='word_1_134' title='bbox 1598 2723 1682 2789; x_wconf 88' lang='lat' dir='ltr'><strong>V.</strong></span> <span class='ocrx_word' id='word_1_135' title='bbox 1730 2723 1800 2784; x_wconf 91' lang='lat' dir='ltr'><strong>C.</strong></span> <span class='ocrx_word' id='word_1_136' title='bbox 1918 2710 2336 2805; x_wconf 74' lang='lat' dir='ltr'><strong>praesentem</strong></span> <span class='ocrx_word' id='word_1_137' title='bbox 2367 2740 2605 2781; x_wconf 88' lang='lat' dir='ltr'><strong>annum</strong></span> <span class='ocrx_word' id='word_1_138' title='bbox 2636 2719 2720 2785; x_wconf 92' lang='lat' dir='ltr'><strong>V.</strong></span> <span class='ocrx_word' id='word_1_139' title='bbox 2763 2720 2835 2784; x_wconf 93' lang='lat' dir='ltr'><strong>C.</strong></span> <span class='ocrx_word' id='word_1_140' title='bbox 2869 2721 3027 2795; x_wconf 62' lang='lat'><strong>822,</strong></span> <span class='ocrx_word' id='word_1_141' title='bbox 3083 2738 3279 2801; x_wconf 85' lang='lat' dir='ltr'><strong>posse</strong></span> <span class='ocrx_word' id='word_1_142' title='bbox 3309 2718 3409 2781; x_wconf 79' lang='lat' dir='ltr'><strong>-ad</strong></span> 
     </span>
     <span class='ocr_line' id='line_1_18' title="bbox 306 2818 3412 2905; baseline -0.001 -21"><span class='ocrx_word' id='word_1_143' title='bbox 306 2821 455 2896; x_wconf 75' lang='lat'><strong>804.</strong></span> <span class='ocrx_word' id='word_1_144' title='bbox 500 2821 739 2898; x_wconf 54' lang='lat' dir='ltr'><strong>*Vide,</strong></span> <span class='ocrx_word' id='word_1_145' title='bbox 803 2841 970 2904; x_wconf 86' lang='lat' dir='ltr'><strong>quae</strong></span> <span class='ocrx_word' id='word_1_146' title='bbox 1031 2820 1220 2884; x_wconf 86' lang='lat' dir='ltr'><strong>altius</strong></span> <span class='ocrx_word' id='word_1_147' title='bbox 1276 2819 1343 2882; x_wconf 89' lang='lat' dir='ltr'><strong>in</strong></span> <span class='ocrx_word' id='word_1_148' title='bbox 1401 2824 1802 2905; x_wconf 82' lang='lat' dir='ltr'><strong>Vespasiano</strong></span> <span class='ocrx_word' id='word_1_149' title='bbox 1918 2822 2093 2884; x_wconf 86' lang='lat' dir='ltr'><strong>hunc</strong></span> <span class='ocrx_word' id='word_1_150' title='bbox 2148 2842 2386 2883; x_wconf 90' lang='lat' dir='ltr'><strong>annum</strong></span> <span class='ocrx_word' id='word_1_151' title='bbox 2441 2818 2685 2885; x_wconf 85' lang='lat' dir='ltr'><strong>referri</strong></span> <span class='ocrx_word' id='word_1_152' title='bbox 2728 2838 2961 2882; x_wconf 86' lang='lat' dir='ltr'><strong>numos</strong></span> <span class='ocrx_word' id='word_1_153' title='bbox 3004 2839 3280 2897; x_wconf 88' lang='lat' dir='ltr'><strong>aureos,</strong></span> <span class='ocrx_word' id='word_1_154' title='bbox 3341 2834 3412 2882; x_wconf 87' lang='lat' dir='ltr'><strong>et</strong></span> 
     </span>
     <span class='ocr_line' id='line_1_19' title="bbox 307 2921 3413 3009; baseline -0 -25"><span class='ocrx_word' id='word_1_155' title='bbox 307 2921 428 2984; x_wconf 85' lang='lat' dir='ltr'><strong>sub</strong></span> <span class='ocrx_word' id='word_1_156' title='bbox 484 2921 673 2985; x_wconf 86' lang='lat' dir='ltr'><strong>titulo</strong></span> <span class='ocrx_word' id='word_1_157' title='bbox 722 2923 986 2988; x_wconf 79' lang='lat' dir='ltr'><strong>‘Consul</strong></span> <span class='ocrx_word' id='word_1_158' title='bbox 1035 2921 1337 2990; x_wconf 84' lang='lat' dir='ltr'><strong>diximus.</strong></span> <span class='ocrx_word' id='word_1_159' title='bbox 1400 2925 1563 2986; x_wconf 85' lang='lat' dir='ltr'><strong>Cum</strong></span> <span class='ocrx_word' id='word_1_160' title='bbox 1615 2938 1805 3009; x_wconf 82' lang='lat' dir='ltr'><strong>pater</strong></span> <span class='ocrx_word' id='word_1_161' title='bbox 1914 2936 2307 3009; x_wconf 85' lang='lat' dir='ltr'><strong>argenteos,</strong></span> <span class='ocrx_word' id='word_1_162' title='bbox 2356 2924 2425 2985; x_wconf 91' lang='lat' dir='ltr'><strong>iu</strong></span> <span class='ocrx_word' id='word_1_163' title='bbox 2467 2942 2747 3007; x_wconf 87' lang='lat' dir='ltr'><strong>quorum</strong></span> <span class='ocrx_word' id='word_1_164' title='bbox 2785 2928 3025 2988; x_wconf 81' lang='lat' dir='ltr'><strong>&#39;aversa</strong></span> <span class='ocrx_word' id='word_1_165' title='bbox 3077 2925 3256 3004; x_wconf 88' lang='lat' dir='ltr'><strong>(nam</strong></span> <span class='ocrx_word' id='word_1_166' title='bbox 3303 2943 3413 2984; x_wconf 86' lang='lat' dir='ltr'><strong>an·</strong></span> 
     </span>
    </p>
   </div>
   <div class='ocr_carea' id='block_1_7' title="bbox 304 3023 1804 4022">
    <p class='ocr_par' dir='ltr' id='par_1_8' title="bbox 304 3023 1804 4022">
     <span class='ocr_line' id='line_1_20' title="bbox 304 3023 1804 3107; baseline 0.001 -21"><span class='ocrx_word' id='word_1_167' title='bbox 304 3023 389 3090; x_wconf 88' lang='lat' dir='ltr'><strong>V.</strong></span> <span class='ocrx_word' id='word_1_168' title='bbox 440 3024 516 3089; x_wconf 91' lang='lat' dir='ltr'><strong>C.</strong></span> <span class='ocrx_word' id='word_1_169' title='bbox 569 3026 694 3087; x_wconf 75' lang='lat'><strong>822</strong></span> <span class='ocrx_word' id='word_1_170' title='bbox 760 3024 842 3086; x_wconf 83' lang='lat' dir='ltr'><strong>ab</strong></span> <span class='ocrx_word' id='word_1_171' title='bbox 907 3023 1197 3087; x_wconf 87' lang='lat' dir='ltr'><strong>externis</strong></span> <span class='ocrx_word' id='word_1_172' title='bbox 1255 3025 1630 3107; x_wconf 76' lang='lat' dir='ltr'><strong>legionibus</strong></span> <span class='ocrx_word' id='word_1_173' title='bbox 1686 3028 1804 3090; x_wconf 88' lang='lat' dir='ltr'><strong>im-</strong></span> 
     </span>
     <span class='ocr_line' id='line_1_21' title="bbox 304 3126 1800 3209; baseline 0.002 -22"><span class='ocrx_word' id='word_1_174' title='bbox 304 3139 575 3208; x_wconf 84' lang='lat' dir='ltr'><strong>perator</strong></span> <span class='ocrx_word' id='word_1_175' title='bbox 616 3146 741 3209; x_wconf 91' lang='lat' dir='ltr'><strong>pro</strong></span> <span class='ocrx_word' id='word_1_176' title='bbox 786 3126 1060 3194; x_wconf 82' lang='lat' dir='ltr'><strong>Vitellio</strong></span> <span class='ocrx_word' id='word_1_177' title='bbox 1120 3139 1298 3190; x_wconf 86' lang='lat' dir='ltr'><strong>esset</strong></span> <span class='ocrx_word' id='word_1_178' title='bbox 1353 3128 1800 3206; x_wconf 81' lang='lat' dir='ltr'><strong>renunciatus,</strong></span> 
     </span>
     <span class='ocr_line' id='line_1_22' title="bbox 304 3226 1800 3316; baseline 0.002 -29"><span class='ocrx_word' id='word_1_179' title='bbox 304 3227 449 3310; x_wconf 87' lang='lat' dir='ltr'><strong>ipse</strong></span> <span class='ocrx_word' id='word_1_180' title='bbox 501 3228 753 3290; x_wconf 84' lang='lat' dir='ltr'><strong>Romae</strong></span> <span class='ocrx_word' id='word_1_181' title='bbox 810 3228 1080 3291; x_wconf 88' lang='lat' dir='ltr'><strong>relictus</strong></span> <span class='ocrx_word' id='word_1_182' title='bbox 1136 3250 1173 3290; x_wconf 90' lang='lat' dir='ltr'><strong>a</strong></span> <span class='ocrx_word' id='word_1_183' title='bbox 1226 3226 1593 3316; x_wconf 75' lang='lat' dir='ltr'><strong>Vitellianis</strong></span> <span class='ocrx_word' id='word_1_184' title='bbox 1652 3249 1800 3292; x_wconf 91' lang='lat' dir='ltr'><strong>cum</strong></span> 
     </span>
     <span class='ocr_line' id='line_1_23' title="bbox 305 3328 1800 3412; baseline 0.001 -20"><span class='ocrx_word' id='word_1_185' title='bbox 305 3344 538 3412; x_wconf 88' lang='lat' dir='ltr'><strong>patruo</strong></span> <span class='ocrx_word' id='word_1_186' title='bbox 577 3328 821 3391; x_wconf 87' lang='lat' dir='ltr'><strong>Sabino</strong></span> <span class='ocrx_word' id='word_1_187' title='bbox 861 3343 1143 3393; x_wconf 82' lang='lat' dir='ltr'><strong>exeunte</strong></span> <span class='ocrx_word' id='word_1_188' title='bbox 1176 3328 1537 3392; x_wconf 87' lang='lat' dir='ltr'><strong>Decembri</strong></span> <span class='ocrx_word' id='word_1_189' title='bbox 1580 3330 1800 3394; x_wconf 82' lang='lat' dir='ltr'><strong>obses·</strong></span> 
     </span>
     <span class='ocr_line' id='line_1_24' title="bbox 309 3430 1802 3516; baseline 0.003 -24"><span class='ocrx_word' id='word_1_190' title='bbox 309 3452 418 3492; x_wconf 84' lang='lat' dir='ltr'><strong>sus</strong></span> <span class='ocrx_word' id='word_1_191' title='bbox 455 3444 558 3493; x_wconf 89' lang='lat' dir='ltr'><strong>est</strong></span> <span class='ocrx_word' id='word_1_192' title='bbox 588 3431 656 3490; x_wconf 92' lang='lat' dir='ltr'><strong>in</strong></span> <span class='ocrx_word' id='word_1_193' title='bbox 690 3430 1048 3514; x_wconf 86' lang='lat' dir='ltr'><strong>Capitolio,</strong></span> <span class='ocrx_word' id='word_1_194' title='bbox 1091 3430 1349 3516; x_wconf 86' lang='lat' dir='ltr'><strong>hocque</strong></span> <span class='ocrx_word' id='word_1_195' title='bbox 1391 3432 1661 3495; x_wconf 87' lang='lat' dir='ltr'><strong>incenso</strong></span> <span class='ocrx_word' id='word_1_196' title='bbox 1697 3454 1802 3496; x_wconf 85' lang='lat' dir='ltr'><strong>ae-</strong></span> 
     </span>
     <span class='ocr_line' id='line_1_25' title="bbox 307 3531 1802 3618; baseline 0.005 -27"><span class='ocrx_word' id='word_1_197' title='bbox 307 3553 430 3617; x_wconf 81' lang='lat' dir='ltr'><strong>gre</strong></span> <span class='ocrx_word' id='word_1_198' title='bbox 466 3531 638 3616; x_wconf 85' lang='lat' dir='ltr'><strong>apud</strong></span> <span class='ocrx_word' id='word_1_199' title='bbox 676 3532 1005 3596; x_wconf 78' lang='lat' dir='ltr'><strong>aedituum</strong></span> <span class='ocrx_word' id='word_1_200' title='bbox 1048 3534 1406 3596; x_wconf 89' lang='lat' dir='ltr'><strong>occultatus</strong></span> <span class='ocrx_word' id='word_1_201' title='bbox 1442 3534 1537 3595; x_wconf 84' lang='lat' dir='ltr'><strong>ibi</strong></span> <span class='ocrx_word' id='word_1_202' title='bbox 1563 3555 1802 3618; x_wconf 85' lang='lat' dir='ltr'><strong>perno-</strong></span> 
     </span>
     <span class='ocr_line' id='line_1_26' title="bbox 306 3624 1798 3715; baseline 0 -16"><span class='ocrx_word' id='word_1_203' title='bbox 306 3636 545 3715; x_wconf 80' lang='lat' dir='ltr'><strong>ctavit3</strong></span> <span class='ocrx_word' id='word_1_204' title='bbox 587 3649 722 3698; x_wconf 91' lang='lat' dir='ltr'><strong>tum</strong></span> <span class='ocrx_word' id='word_1_205' title='bbox 759 3656 948 3698; x_wconf 87' lang='lat' dir='ltr'><strong>mane</strong></span> <span class='ocrx_word' id='word_1_206' title='bbox 982 3635 1153 3698; x_wconf 81' lang='lat' dir='ltr'><strong>facto</strong></span> <span class='ocrx_word' id='word_1_207' title='bbox 1186 3637 1363 3699; x_wconf 86' lang='lat' dir='ltr'><strong>lineo</strong></span> <span class='ocrx_word' id='word_1_208' title='bbox 1392 3637 1631 3699; x_wconf 84' lang='lat' dir='ltr'><strong>amictu</strong></span> <span class='ocrx_word' id='word_1_209' title='bbox 1670 3624 1798 3699; x_wconf 52' lang='lat' dir='ltr'><strong>tur‘-</strong></span> 
     </span>
     <span class='ocr_line' id='line_1_27' title="bbox 304 3735 1799 3813; baseline 0.003 -17"><span class='ocrx_word' id='word_1_210' title='bbox 304 3735 429 3799; x_wconf 84' lang='lat' dir='ltr'><strong>bae</strong></span> <span class='ocrx_word' id='word_1_211' title='bbox 507 3736 972 3813; x_wconf 73' lang='lat' dir='ltr'><strong>sacricolarum</strong></span> <span class='ocrx_word' id='word_1_212' title='bbox 1040 3737 1392 3802; x_wconf 87' lang='lat' dir='ltr'><strong>Isiacorum</strong></span> <span class='ocrx_word' id='word_1_213' title='bbox 1468 3739 1799 3801; x_wconf 86' lang='lat' dir='ltr'><strong>immixtus</strong></span> 
     </span>
     <span class='ocr_line' id='line_1_28' title="bbox 305 3839 1801 3924; baseline 0.005 -26"><span class='ocrx_word' id='word_1_214' title='bbox 305 3839 777 3924; x_wconf 81' lang='lat' dir='ltr'><strong>ignoratusque</strong></span> <span class='ocrx_word' id='word_1_215' title='bbox 836 3839 1044 3906; x_wconf 84' lang='lat' dir='ltr'><strong>evasit</strong></span> <span class='ocrx_word' id='word_1_216' title='bbox 1098 3839 1390 3924; x_wconf 82' lang='lat' dir='ltr'><strong>quaesito</strong></span> <span class='ocrx_word' id='word_1_217' title='bbox 1444 3841 1601 3905; x_wconf 87' lang='lat' dir='ltr'><strong>alibi</strong></span> <span class='ocrx_word' id='word_1_218' title='bbox 1663 3841 1801 3905; x_wconf 83' lang='lat' dir='ltr'><strong>lati·</strong></span> 
     </span>
     <span class='ocr_line' id='line_1_29' title="bbox 306 3936 1241 4022; baseline 0.009 -24"><span class='ocrx_word' id='word_1_219' title='bbox 306 3938 468 4002; x_wconf 83' lang='lat' dir='ltr'><strong>bulo</strong></span> <span class='ocrx_word' id='word_1_220' title='bbox 501 3936 592 4022; x_wconf 71' lang='lat'><strong>¹³).</strong></span> <span class='ocrx_word' id='word_1_221' title='bbox 1236 3936 1241 3943; x_wconf 55' lang='grc'><strong><em>’</em></strong></span> 
     </span>
    </p>
   </div>
   <div class='ocr_carea' id='block_1_8' title="bbox 314 4107 1805 4382">
    <p class='ocr_par' dir='ltr' id='par_1_9' title="bbox 314 4107 1805 4382">
     <span class='ocr_line' id='line_1_30' title="bbox 696 4107 1422 4205; baseline 0 -32"><span class='ocrx_word' id='word_1_222' title='bbox 696 4112 779 4173; x_wconf 85' lang='lat' dir='ltr'><strong>V.</strong></span> <span class='ocrx_word' id='word_1_223' title='bbox 822 4109 893 4173; x_wconf 78' lang='lat' dir='ltr'><strong>G.</strong></span> <span class='ocrx_word' id='word_1_224' title='bbox 925 4109 1047 4205; x_wconf 60' lang='lat'><strong>822</strong></span> <span class='ocrx_word' id='word_1_225' title='bbox 1090 4111 1164 4174; x_wconf 84' lang='lat' dir='ltr'><strong>P.</strong></span> <span class='ocrx_word' id='word_1_226' title='bbox 1195 4107 1284 4172; x_wconf 84' lang='grc' dir='ltr'><strong>Χ.</strong></span> <span class='ocrx_word' id='word_1_227' title='bbox 1319 4108 1422 4190; x_wconf 62' lang='grc'><strong>69..</strong></span> 
     </span>
     <span class='ocr_line' id='line_1_31' title="bbox 314 4207 1805 4276; baseline 0.002 -7"><span class='ocrx_word' id='word_1_228' title='bbox 314 4207 730 4274; x_wconf 80' lang='lat' dir='ltr'><strong>CAESAR.</strong></span> <span class='ocrx_word' id='word_1_229' title='bbox 771 4209 1068 4274; x_wconf 82' lang='lat' dir='ltr'><em>PRINC.</em></span> <span class='ocrx_word' id='word_1_230' title='bbox 1102 4208 1481 4276; x_wconf 81' lang='lat' dir='ltr'><em>IVVENT.</em></span> <span class='ocrx_word' id='word_1_231' title='bbox 1525 4208 1805 4273; x_wconf 79' lang='lat' dir='ltr'><em>PRAE-</em></span> 
     </span>
     <span class='ocr_line' id='line_1_32' title="bbox 776 4310 1341 4382; baseline -0.002 -7"><span class='ocrx_word' id='word_1_232' title='bbox 776 4313 980 4376; x_wconf 80' lang='lat' dir='ltr'><strong>TOR.</strong></span> <span class='ocrx_word' id='word_1_233' title='bbox 1021 4310 1341 4382; x_wconf 79' lang='lat' dir='ltr'><strong>DESIG.</strong></span> 
     </span>
    </p>
   </div>
   <div class='ocr_carea' id='block_1_9' title="bbox 393 4446 1805 4535">
    <p class='ocr_par' dir='ltr' id='par_1_10' title="bbox 393 4446 1805 4535">
     <span class='ocr_line' id='line_1_33' title="bbox 393 4446 1805 4535; baseline -0.001 -25"><span class='ocrx_word' id='word_1_234' title='bbox 393 4448 604 4512; x_wconf 85' lang='lat' dir='ltr'><strong>Caeso</strong></span> <span class='ocrx_word' id='word_1_235' title='bbox 642 4447 912 4535; x_wconf 78' lang='lat' dir='ltr'><strong>circiter</strong></span> <span class='ocrx_word' id='word_1_236' title='bbox 946 4447 1053 4512; x_wconf 89' lang='lat' dir='ltr'><strong>die</strong></span> <span class='ocrx_word' id='word_1_237' title='bbox 1089 4448 1230 4513; x_wconf 83' lang='lat' dir='ltr'><strong>XX.</strong></span> <span class='ocrx_word' id='word_1_238' title='bbox 1260 4446 1652 4512; x_wconf 87' lang='lat' dir='ltr'><strong>Decembris</strong></span> <span class='ocrx_word' id='word_1_239' title='bbox 1700 4448 1805 4517; x_wconf 87' lang='lat' dir='ltr'><strong>Vi·</strong></span> 
     </span>
    </p>
   </div>
   <div class='ocr_carea' id='block_1_10' title="bbox 312 4708 1700 4871">
    <p class='ocr_par' dir='ltr' id='par_1_11' title="bbox 312 4708 1700 4871">
     <span class='ocr_line' id='line_1_34' title="bbox 383 4708 946 4779; baseline 0.007 -17"><span class='ocrx_word' id='word_1_240' title='bbox 383 4710 447 4779; x_wconf 75' lang='lat' dir='ltr'><strong>a)</strong></span> <span class='ocrx_word' id='word_1_241' title='bbox 479 4710 548 4765; x_wconf 84' lang='lat' dir='ltr'><strong>ln</strong></span> <span class='ocrx_word' id='word_1_242' title='bbox 574 4708 794 4765; x_wconf 81' lang='lat' dir='ltr'><strong>Domit.</strong></span> <span class='ocrx_word' id='word_1_243' title='bbox 826 4728 876 4765; x_wconf 88' lang='lat' dir='ltr'><strong>c.</strong></span> <span class='ocrx_word' id='word_1_244' title='bbox 901 4721 946 4768; x_wconf 82' lang='grc' dir='ltr'><strong>ι.</strong></span> 
     </span>
     <span class='ocr_line' id='line_1_35' title="bbox 312 4796 1700 4871; baseline 0.002 -16"><span class='ocrx_word' id='word_1_245' title='bbox 312 4817 367 4855; x_wconf 87' lang='lat' dir='ltr'><strong>c.</strong></span> <span class='ocrx_word' id='word_1_246' title='bbox 402 4812 448 4857; x_wconf 79' lang='grc' dir='ltr'><strong>ι.</strong></span> <span class='ocrx_word' id='word_1_247' title='bbox 671 4799 741 4871; x_wconf 84' lang='lat' dir='ltr'><strong>d)</strong></span> <span class='ocrx_word' id='word_1_248' title='bbox 775 4799 964 4859; x_wconf 79' lang='lat' dir='ltr'><strong>Tacit.</strong></span> <span class='ocrx_word' id='word_1_249' title='bbox 996 4798 1146 4858; x_wconf 76' lang='lat' dir='ltr'><strong>nist.</strong></span> <span class='ocrx_word' id='word_1_250' title='bbox 1178 4799 1276 4857; x_wconf 77' lang='lat' dir='ltr'><strong>lv.</strong></span> <span class='ocrx_word' id='word_1_251' title='bbox 1306 4810 1359 4862; x_wconf 81' lang='lat'><strong>3.</strong></span> <span class='ocrx_word' id='word_1_252' title='bbox 1401 4796 1544 4855; x_wconf 87' lang='lat' dir='ltr'><strong>Suet</strong></span> <span class='ocrx_word' id='word_1_253' title='bbox 1566 4817 1618 4855; x_wconf 84' lang='lat' dir='ltr'><strong>c.</strong></span> <span class='ocrx_word' id='word_1_254' title='bbox 1653 4813 1700 4858; x_wconf 83' lang='lat'><strong>1.</strong></span> 
     </span>
    </p>
   </div>
   <div class='ocr_carea' id='block_1_11' title="bbox 1166 4707 2266 4805">
    <p class='ocr_par' dir='ltr' id='par_1_12' title="bbox 1166 4707 2266 4805">
     <span class='ocr_line' id='line_1_36' title="bbox 1166 4707 2266 4805; baseline -0.001 -38"><span class='ocrx_word' id='word_1_255' title='bbox 1166 4708 1237 4782; x_wconf 83' lang='lat' dir='ltr'><strong>b)</strong></span> <span class='ocrx_word' id='word_1_256' title='bbox 1269 4708 1457 4766; x_wconf 83' lang='lat' dir='ltr'><strong>Tacit.</strong></span> <span class='ocrx_word' id='word_1_257' title='bbox 1497 4709 1642 4765; x_wconf 84' lang='lat' dir='ltr'><strong>Hist.</strong></span> <span class='ocrx_word' id='word_1_258' title='bbox 1676 4707 1779 4768; x_wconf 88' lang='lat'><strong>111.</strong></span> <span class='ocrx_word' id='word_1_259' title='bbox 1811 4716 1899 4772; x_wconf 68' lang='lat'><strong>74·</strong></span> <span class='ocrx_word' id='word_1_260' title='bbox 1943 4708 2102 4805; x_wconf 37' lang='lat' dir='ltr'><strong>‘Such</strong></span> <span class='ocrx_word' id='word_1_261' title='bbox 2127 4729 2177 4768; x_wconf 83' lang='lat' dir='ltr'><strong>c.</strong></span> <span class='ocrx_word' id='word_1_262' title='bbox 2218 4724 2266 4770; x_wconf 78' lang='grc' dir='ltr'><strong>ι.</strong></span> 
     </span>
    </p>
   </div>
   <div class='ocr_carea' id='block_1_12' title="bbox 1910 3022 3480 4533">
    <p class='ocr_par' dir='ltr' id='par_1_13' title="bbox 1910 3022 3480 4533">
     <span class='ocr_line' id='line_1_37' title="bbox 1917 3022 3438 3107; baseline -0.002 -20"><span class='ocrx_word' id='word_1_263' title='bbox 1917 3026 2127 3101; x_wconf 61' lang='grc' dir='ltr'><strong>ῑίιᾰειιιι1</strong></span> <span class='ocrx_word' id='word_1_264' title='bbox 2158 3023 2594 3107; x_wconf 77' lang='lat' dir='ltr'><strong>Vespasianus</strong></span> <span class='ocrx_word' id='word_1_265' title='bbox 2639 3035 2828 3106; x_wconf 80' lang='lat' dir='ltr'><strong>pater</strong></span> <span class='ocrx_word' id='word_1_266' title='bbox 2869 3036 3170 3106; x_wconf 84' lang='lat' dir='ltr'><strong>occupat)</strong></span> <span class='ocrx_word' id='word_1_267' title='bbox 3229 3022 3438 3092; x_wconf 81' lang='lat' dir='ltr'><strong>exhi-.</strong></span> 
     </span>
     <span class='ocr_line' id='line_1_38' title="bbox 1917 3114 3411 3202; baseline -0.001 -14"><span class='ocrx_word' id='word_1_268' title='bbox 1917 3114 2157 3189; x_wconf 74' lang='lat' dir='ltr'><strong>Bentur</strong></span> <span class='ocrx_word' id='word_1_269' title='bbox 2195 3127 2423 3202; x_wconf 79' lang='lat' dir='ltr'><strong>Titus,</strong></span> <span class='ocrx_word' id='word_1_270' title='bbox 2476 3138 2546 3187; x_wconf 86' lang='lat' dir='ltr'><strong>et</strong></span> <span class='ocrx_word' id='word_1_271' title='bbox 2589 3124 2999 3188; x_wconf 84' lang='lat' dir='ltr'><strong>Domitianus</strong></span> <span class='ocrx_word' id='word_1_272' title='bbox 3045 3125 3227 3189; x_wconf 82' lang='lat' dir='ltr'><strong>vario</strong></span> <span class='ocrx_word' id='word_1_273' title='bbox 3274 3126 3411 3188; x_wconf 85' lang='lat' dir='ltr'><strong>cul·</strong></span> 
     </span>
     <span class='ocr_line' id='line_1_39' title="bbox 1918 3220 3409 3311; baseline -0.004 -21"><span class='ocrx_word' id='word_1_274' title='bbox 1918 3242 2020 3307; x_wconf 87' lang='lat' dir='ltr'><strong>tu,</strong></span> <span class='ocrx_word' id='word_1_275' title='bbox 2076 3220 2147 3291; x_wconf 68' lang='lat' dir='ltr'><strong>&#39;et</strong></span> <span class='ocrx_word' id='word_1_276' title='bbox 2191 3228 2660 3311; x_wconf 72' lang='lat' dir='ltr'><strong>inscriptione-z</strong></span> <span class='ocrx_word' id='word_1_277' title='bbox 2736 3228 3019 3293; x_wconf 85' lang='lat' dir='ltr'><strong>TITVS.</strong></span> <span class='ocrx_word' id='word_1_278' title='bbox 3062 3228 3206 3292; x_wconf 87' lang='grc' dir='ltr'><strong>ΕΤ.</strong></span> <span class='ocrx_word' id='word_1_279' title='bbox 3250 3227 3409 3297; x_wconf 75' lang='lat' dir='ltr'><strong>DQ-</strong></span> 
     </span>
     <span class='ocr_line' id='line_1_40' title="bbox 1910 3329 3407 3413; baseline 0.001 -22"><span class='ocrx_word' id='word_1_280' title='bbox 1910 3331 2252 3413; x_wconf 74' lang='grc' dir='ltr'><strong>ΜΙΤΙΑΝ.</strong></span> <span class='ocrx_word' id='word_1_281' title='bbox 2297 3329 2779 3394; x_wconf 83' lang='lat' dir='ltr'><strong>CAESARES.</strong></span> <span class='ocrx_word' id='word_1_282' title='bbox 2823 3330 3055 3396; x_wconf 84' lang='lat' dir='ltr'><strong>PRIN.</strong></span> <span class='ocrx_word' id='word_1_283' title='bbox 3104 3330 3407 3396; x_wconf 81' lang='lat' dir='ltr'><strong>1VVEN.</strong></span> 
     </span>
     <span class='ocr_line' id='line_1_41' title="bbox 1919 3430 3410 3516; baseline -0.001 -21"><span class='ocrx_word' id='word_1_284' title='bbox 1919 3433 2061 3495; x_wconf 80' lang='lat' dir='ltr'><strong>vel:</strong></span> <span class='ocrx_word' id='word_1_285' title='bbox 2109 3434 2430 3495; x_wconf 85' lang='lat' dir='ltr'><strong>LIBERI.</strong></span> <span class='ocrx_word' id='word_1_286' title='bbox 2475 3433 2652 3493; x_wconf 78' lang='lat' dir='ltr'><strong>IMP.</strong></span> <span class='ocrx_word' id='word_1_287' title='bbox 2698 3430 2904 3500; x_wconf 78' lang='lat' dir='ltr'><strong>AVG.</strong></span> <span class='ocrx_word' id='word_1_288' title='bbox 2941 3444 3064 3494; x_wconf 91' lang='lat' dir='ltr'><strong>etc.</strong></span> <span class='ocrx_word' id='word_1_289' title='bbox 3100 3451 3263 3516; x_wconf 88' lang='lat' dir='ltr'><strong>quos</strong></span> <span class='ocrx_word' id='word_1_290' title='bbox 3299 3430 3410 3494; x_wconf 87' lang='lat' dir='ltr'><strong>de-</strong></span> 
     </span>
     <span class='ocr_line' id='line_1_42' title="bbox 1917 3531 3426 3625; baseline -0.001 -30"><span class='ocrx_word' id='word_1_291' title='bbox 1917 3532 2196 3615; x_wconf 78' lang='lat' dir='ltr'><strong>scriptos</strong></span> <span class='ocrx_word' id='word_1_292' title='bbox 2229 3532 2382 3598; x_wconf 80' lang='lat' dir='ltr'><strong>vide</strong></span> <span class='ocrx_word' id='word_1_293' title='bbox 2409 3534 2488 3625; x_wconf 34' lang='lat' dir='ltr'><strong>&#39;in</strong></span> <span class='ocrx_word' id='word_1_294' title='bbox 2519 3533 2730 3597; x_wconf 88' lang='lat' dir='ltr'><strong>numis</strong></span> <span class='ocrx_word' id='word_1_295' title='bbox 2763 3534 3149 3618; x_wconf 83' lang='lat' dir='ltr'><strong>Vespasiani</strong></span> <span class='ocrx_word' id='word_1_296' title='bbox 3184 3531 3267 3595; x_wconf 84' lang='lat' dir='ltr'><strong>ad</strong></span> <span class='ocrx_word' id='word_1_297' title='bbox 3302 3553 3426 3619; x_wconf 44' lang='lat' dir='ltr'><strong>anf</strong></span> 
     </span>
     <span class='ocr_line' id='line_1_43' title="bbox 1914 3635 3418 3731; baseline 0.001 -34"><span class='ocrx_word' id='word_1_298' title='bbox 1914 3656 2036 3711; x_wconf 74' lang='lat' dir='ltr'><strong>nos</strong></span> <span class='ocrx_word' id='word_1_299' title='bbox 2082 3637 2162 3703; x_wconf 88' lang='lat' dir='ltr'><strong>V.</strong></span> <span class='ocrx_word' id='word_1_300' title='bbox 2214 3635 2290 3699; x_wconf 87' lang='lat' dir='ltr'><strong>C.</strong></span> <span class='ocrx_word' id='word_1_301' title='bbox 2333 3636 2459 3697; x_wconf 67' lang='lat'><strong>822</strong></span> <span class='ocrx_word' id='word_1_302' title='bbox 2502 3650 2570 3698; x_wconf 85' lang='lat' dir='ltr'><strong>et</strong></span> <span class='ocrx_word' id='word_1_303' title='bbox 2610 3637 2760 3702; x_wconf 78' lang='lat'><strong>823.</strong></span> <span class='ocrx_word' id='word_1_304' title='bbox 2823 3635 3022 3731; x_wconf 76' lang='lat' dir='ltr'><strong>Quod</strong></span> <span class='ocrx_word' id='word_1_305' title='bbox 3069 3636 3126 3698; x_wconf 89' lang='lat' dir='ltr'><strong>si</strong></span> <span class='ocrx_word' id='word_1_306' title='bbox 3169 3635 3418 3701; x_wconf 74' lang='lat' dir='ltr'><strong>horum</strong></span> 
     </span>
     <span class='ocr_line' id='line_1_44' title="bbox 1915 3738 3410 3823; baseline -0.001 -21"><span class='ocrx_word' id='word_1_307' title='bbox 1915 3739 2292 3821; x_wconf 78' lang='lat' dir='ltr'><strong>complures</strong></span> <span class='ocrx_word' id='word_1_308' title='bbox 2338 3758 2574 3802; x_wconf 84' lang='lat' dir='ltr'><strong>revera</strong></span> <span class='ocrx_word' id='word_1_309' title='bbox 2618 3739 2767 3800; x_wconf 88' lang='lat' dir='ltr'><strong>anni</strong></span> <span class='ocrx_word' id='word_1_310' title='bbox 2813 3738 3179 3823; x_wconf 80' lang='lat' dir='ltr'><strong>praesentis</strong></span> <span class='ocrx_word' id='word_1_311' title='bbox 3225 3752 3410 3815; x_wconf 84' lang='lat' dir='ltr'><strong>sunt,</strong></span> 
     </span>
     <span class='ocr_line' id='line_1_45' title="bbox 1915 3822 3480 3924; baseline 0.001 -22"><span class='ocrx_word' id='word_1_312' title='bbox 1915 3822 2190 3904; x_wconf 79' lang='lat' dir='ltr'><strong>necesse</strong></span> <span class='ocrx_word' id='word_1_313' title='bbox 2220 3853 2342 3917; x_wconf 90' lang='lat' dir='ltr'><strong>est,</strong></span> <span class='ocrx_word' id='word_1_314' title='bbox 2372 3859 2487 3903; x_wconf 89' lang='lat' dir='ltr'><strong>eos</strong></span> <span class='ocrx_word' id='word_1_315' title='bbox 2517 3858 2648 3902; x_wconf 88' lang='lat' dir='ltr'><strong>non</strong></span> <span class='ocrx_word' id='word_1_316' title='bbox 2675 3841 2743 3901; x_wconf 89' lang='lat' dir='ltr'><strong>in</strong></span> <span class='ocrx_word' id='word_1_317' title='bbox 2772 3841 2937 3903; x_wconf 81' lang='lat' dir='ltr'><strong>urbe</strong></span> <span class='ocrx_word' id='word_1_318' title='bbox 2967 3841 3169 3904; x_wconf 85' lang='lat' dir='ltr'><strong>fuisse</strong></span> <span class='ocrx_word' id='word_1_319' title='bbox 3199 3841 3410 3924; x_wconf 79' lang='lat' dir='ltr'><strong>signa·</strong></span> <span class='ocrx_word' id='word_1_320' title='bbox 3467 3844 3480 3853; x_wconf 86' lang='grc'><em>“</em></span> 
     </span>
     <span class='ocr_line' id='line_1_46' title="bbox 1914 3941 3408 4025; baseline 0 -22"><span class='ocrx_word' id='word_1_321' title='bbox 1914 3955 2056 4018; x_wconf 85' lang='lat' dir='ltr'><strong>tos,</strong></span> <span class='ocrx_word' id='word_1_322' title='bbox 2119 3941 2422 4025; x_wconf 89' lang='lat' dir='ltr'><strong>quoniam</strong></span> <span class='ocrx_word' id='word_1_323' title='bbox 2476 3957 2753 4025; x_wconf 82' lang='lat' dir='ltr'><strong>uterque</strong></span> <span class='ocrx_word' id='word_1_324' title='bbox 2808 3944 3068 4004; x_wconf 84' lang='lat' dir='ltr'><strong>nonnisi</strong></span> <span class='ocrx_word' id='word_1_325' title='bbox 3123 3957 3408 4004; x_wconf 79' lang='lat' dir='ltr'><strong>exeunte</strong></span> 
     </span>
     <span class='ocr_line' id='line_1_47' title="bbox 1913 4041 3409 4125; baseline 0.001 -23"><span class='ocrx_word' id='word_1_326' title='bbox 1913 4041 2308 4118; x_wconf 88' lang='lat' dir='ltr'><strong>Decembri,</strong></span> <span class='ocrx_word' id='word_1_327' title='bbox 2369 4062 2562 4104; x_wconf 90' lang='lat' dir='ltr'><strong>caeso</strong></span> <span class='ocrx_word' id='word_1_328' title='bbox 2628 4061 2868 4125; x_wconf 87' lang='lat' dir='ltr'><strong>nempe</strong></span> <span class='ocrx_word' id='word_1_329' title='bbox 2902 4043 3214 4118; x_wconf 86' lang='lat' dir='ltr'><strong>Vitellio,</strong></span> <span class='ocrx_word' id='word_1_330' title='bbox 3275 4044 3409 4104; x_wconf 80' lang='lat' dir='ltr'><strong>Ro-</strong></span> 
     </span>
     <span class='ocr_line' id='line_1_48' title="bbox 1917 4142 3410 4228; baseline 0.001 -23"><span class='ocrx_word' id='word_1_331' title='bbox 1917 4163 2063 4206; x_wconf 80' lang='lat' dir='ltr'><strong>mae</strong></span> <span class='ocrx_word' id='word_1_332' title='bbox 2108 4143 2348 4205; x_wconf 89' lang='lat' dir='ltr'><strong>Caesar</strong></span> <span class='ocrx_word' id='word_1_333' title='bbox 2404 4155 2505 4205; x_wconf 90' lang='lat' dir='ltr'><strong>est</strong></span> <span class='ocrx_word' id='word_1_334' title='bbox 2557 4142 2839 4228; x_wconf 77' lang='lat' dir='ltr'><strong>agnitus.</strong></span> <span class='ocrx_word' id='word_1_335' title='bbox 2927 4144 3015 4205; x_wconf 81' lang='lat' dir='ltr'><strong>At</strong></span> <span class='ocrx_word' id='word_1_336' title='bbox 3060 4142 3254 4205; x_wconf 82' lang='lat' dir='ltr'><strong>feriri</strong></span> <span class='ocrx_word' id='word_1_337' title='bbox 3295 4162 3410 4227; x_wconf 86' lang='lat' dir='ltr'><strong>po-</strong></span> 
     </span>
     <span class='ocr_line' id='line_1_49' title="bbox 1917 4242 3409 4330; baseline 0.002 -24"><span class='ocrx_word' id='word_1_338' title='bbox 1917 4256 2134 4308; x_wconf 88' lang='lat' dir='ltr'><strong>terant</strong></span> <span class='ocrx_word' id='word_1_339' title='bbox 2190 4242 2615 4320; x_wconf 78' lang='lat' dir='ltr'><strong>Antiochiae3</strong></span> <span class='ocrx_word' id='word_1_340' title='bbox 2678 4266 2827 4307; x_wconf 91' lang='lat' dir='ltr'><strong>nam</strong></span> <span class='ocrx_word' id='word_1_341' title='bbox 2881 4244 3220 4329; x_wconf 83' lang='lat' dir='ltr'><strong>legiones,</strong></span> <span class='ocrx_word' id='word_1_342' title='bbox 3275 4266 3409 4330; x_wconf 82' lang='lat' dir='ltr'><strong>quo</strong></span> 
     </span>
     <span class='ocr_line' id='line_1_50' title="bbox 1919 4330 3408 4431; baseline 0.002 -23"><span class='ocrx_word' id='word_1_343' title='bbox 1919 4330 2219 4429; x_wconf 84' lang='lat' dir='ltr'><strong>tempore</strong></span> <span class='ocrx_word' id='word_1_344' title='bbox 2255 4346 2725 4429; x_wconf 84' lang='lat' dir='ltr'><strong>Vespasianum</strong></span> <span class='ocrx_word' id='word_1_345' title='bbox 2771 4367 2962 4411; x_wconf 87' lang='lat' dir='ltr'><strong>ausae</strong></span> <span class='ocrx_word' id='word_1_346' title='bbox 3009 4361 3160 4410; x_wconf 78' lang='lat' dir='ltr'><strong>sunt</strong></span> <span class='ocrx_word' id='word_1_347' title='bbox 3205 4347 3408 4431; x_wconf 73' lang='lat' dir='ltr'><strong>impe·</strong></span> 
     </span>
     <span class='ocr_line' id='line_1_51' title="bbox 1920 4448 3405 4533; baseline 0.003 -22"><span class='ocrx_word' id='word_1_348' title='bbox 1920 4462 2208 4531; x_wconf 70' lang='lat' dir='ltr'><strong>ratoretn</strong></span> <span class='ocrx_word' id='word_1_349' title='bbox 2250 4449 2700 4533; x_wconf 88' lang='lat' dir='ltr'><strong>proclamare,</strong></span> <span class='ocrx_word' id='word_1_350' title='bbox 2757 4470 2891 4513; x_wconf 84' lang='lat' dir='ltr'><strong>non</strong></span> <span class='ocrx_word' id='word_1_351' title='bbox 2935 4448 3405 4530; x_wconf 81' lang='lat' dir='ltr'><strong>dubitaverint,</strong></span> 
     </span>
    </p>
   </div>
   <div class='ocr_carea' id='block_1_13' title="bbox 2487 4672 3403 4783">
    <p class='ocr_par' dir='ltr' id='par_1_14' title="bbox 2487 4672 3403 4783">
     <span class='ocr_line' id='line_1_52' title="bbox 2487 4672 3403 4783; baseline 0.002 -16"><span class='ocrx_word' id='word_1_352' title='bbox 2487 4672 2767 4783; x_wconf 61' lang='lat'><strong>03142252.</strong></span> <span class='ocrx_word' id='word_1_353' title='bbox 2801 4711 2948 4769; x_wconf 69' lang='lat' dir='ltr'><strong>nist.</strong></span> <span class='ocrx_word' id='word_1_354' title='bbox 2980 4713 3084 4772; x_wconf 90' lang='lat'><strong>111.</strong></span> <span class='ocrx_word' id='word_1_355' title='bbox 3117 4714 3205 4779; x_wconf 75' lang='lat'><strong>136.</strong></span> <span class='ocrx_word' id='word_1_356' title='bbox 3243 4715 3403 4772; x_wconf 61' lang='lat' dir='ltr'><strong>suot.</strong></span> 
     </span>
    </p>
   </div>
  </div>
 </body>
</html>
