4509 5584
966 554 1112 635 268

965 720 1122 785 dein
1163 730 1432 782 ceterae
1479 723 1709 796 gentes
1765 709 2030 794 publice
2079 707 2456 778 celebrave-

925 859 942 876 ·
962 843 1077 900 re,
1124 840 1278 883 mox
1309 818 1519 881 factus
1552 814 1791 878 iterum
1843 813 1944 879 vir
1977 813 2262 898 Sporum
2297 837 2457 900 pue·

957 943 1109 988 rum
1185 920 1527 995 libertum,
1606 915 1778 1001 quod
1857 916 2027 980 facie
2080 918 2452 1002 Poppaeam

950 1022 1259 1111 ‘proxime
1315 1020 1639 1094 referret,
1709 1037 1987 1081 uxorem
2045 1018 2321 1084 duceret
2363 1022 2447 1104 ⁸).

955 1129 1122 1192 Cum
1187 1138 1467 1189 mortem
1520 1120 1647 1187 sibi
1697 1119 2113 1185 consciscere
2153 1135 2450 1205 pararet,

946 1230 1164 1313 prola!
1193 1225 1652 1311 ingeminabat,
1682 1224 1903 1302 qualis
1936 1226 2193 1306 artifex
2215 1229 2454 1306 pereo!

954 1335 1323 1396 Monstrum
1381 1342 1482 1393 tot
1530 1326 1715 1392 viciis
1779 1325 2019 1388 infame
2081 1325 2452 1389 funeratum

953 1446 1177 1498 tamen
1211 1429 1560 1517 magnifice
1613 1442 1716 1493 est
1748 1451 1783 1491 a
1809 1427 2053 1505 Galba,
2111 1426 2456 1512 reliquias·

953 1556 1084 1622 que
1116 1534 1478 1599 concubina
1518 1532 1684 1596 Acte
1733 1532 1800 1593 in
1840 1529 2282 1593 Domitiorum
2322 1548 2459 1592 mo,

952 1649 1271 1702 numento
1337 1633 1645 1701 condidit.
1721 1636 1906 1697 Haec
1972 1653 2194 1714 sparsa
2264 1653 2456 1715 repe-

877 1822 884 1830 .
949 1740 1089 1806 ries
1149 1738 1323 1824 apud
1382 1738 1679 1802 Tacitum
1704 1782 1724 1816 ,
1805 1732 2189 1801 Suetonium
2211 1777 2230 1811 ,
2291 1733 2452 1797 Dio·-

900 1913 908 1927 ,
953 1863 1134 1909 nem.

1078 1940 1411 2010 Postremi
1434 1939 1662 2024 -bujus
1709 1938 1866 2003 anui
1907 1936 2088 2000 numi
2128 1934 2298 2000 certi
2339 1936 2453 2000 de·

800 2051 812 2058 '
955 2059 1126 2109 sunt.

2345 546 2691 621 NERO.

2571 719 2645 778 In
2695 714 2837 779 aliis
2890 727 3242 798 praeterea
3304 716 3681 803 aedificium
3741 722 4073 787 columnis

2548 820 2837 903 fultum.
2880 819 3022 888 ΔΕ.
3056 821 3105 882 1.
3144 822 3347 904 (Mus.
3380 820 3607 906 Caes.)

2588 1097 2597 1106 ,
2794 1021 2797 1024 ’
2869 1027 2956 1086 Vt
2987 1024 3175 1089 lit.A
3207 1027 3426 1102 υσΙΒ,
3473 1026 3613 1088 001.-

2567 1123 2639 1185 C.
2863 1126 3042 1191 IMP.
3098 1127 3369 1192 NERO..
3424 1126 3791 1192 CAESAR.
3860 1127 4065 1196 AVG.

2859 1226 3217 1293 PONTIF.
3277 1230 3488 1294 MAX.
3561 1232 3793 1296 TRIB.
3867 1229 4067 1294 POT.

2768 1347 2778 1358 ·
2859 1329 2937 1393 P.
2968 1330 3042 1390 P.
3092 1330 3312 1411 Caput
3345 1332 3762 1409 laureatum,
3804 1332 3955 1397 vel:

2866 1432 3043 1495 mP.
3095 1429 3364 1495 NERO.
3425 1431 3794 1496 CAESAR.
3858 1434 4062 1501 AVG.

2867 1532 3133 1596 PONT.
3179 1533 3394 1599 Max.
3442 1527 3579 1594 ΤΒ.
3626 1535 3832 1600 ΡΟΤ.
3878 1538 3957 1604 Ρ.
3986 1537 4064 1606 P.

2873 1633 3089 1718 Caput
3122 1635 3520 1700 laureatum.

2564 1427 2651 1487 D.

2565 1730 2962 1802 ANNONA.
3024 1737 3433 1806 avc-Vsu.
3492 1737 3805 1803 CERES.
3872 1738 3949 1801 8.
3990 1736 4065 1802 C.

2562 1836 2737 1916 (sine
2784 1836 2854 1901 S.
2914 1837 2985 1905 C.
3037 1843 3113 1903 in
3156 1860 3356 1904 numo
3392 1859 3579 1910 max.
3633 1841 3810 1905 mod.
3854 1841 4068 1904 musei

2571 1937 2792 2030 Caes.)
2849 1937 3042 2004 Ceres
3085 1942 3310 2005 velata
3356 1944 3592 2006 sedens
3622 1945 3687 2006 d.
3718 1939 3975 2022 spicas,
4012 1964 4067 2007 s.

2541 2038 2799 2119 facem,
2830 2044 2984 2103 inde
3023 2044 3251 2104 adstat
3273 2044 3717 2109 Abundaneia
3748 2070 3802 2110 s.
3832 2065 4066 2106 cornu-

2438 2165 2445 2176 ·
2537 2143 2813 2222 ‚copiae,
2847 2142 2923 2204 in
2950 2146 3229 2207 illarum
3261 2146 3478 2207 medio
3510 2167 3653 2222 ara,
3685 2146 3797 2209 vel
3803 2149 4061 2229 cippus,

1489 2325 1699 2392 Numi
1725 2329 1907 2410 vagi.

1074 2557 1166 2619 Hi
1197 2554 1499 2641 plerique
1548 2551 1739 2617 aenei
1765 2551 1933 2616 notis
1966 2549 2234 2636 quidem
2258 2549 2450 2615 chro-

948 2659 1271 2742 nologicis
1305 2656 1781 2732 destituuntur,
1829 2666 2048 2718 tamen
2077 2673 2209 2717 non
2241 2669 2449 2737 pauca

947 2762 1029 2826 ad
1063 2758 1347 2824 Neronis
1378 2758 1714 2822 historiam
1746 2758 2116 2832 continent,
2150 2775 2314 2840 quos
2340 2754 2447 2819 hic

923 2861 1179 2926 'ordine
1243 2860 1655 2946 alphabetico
1713 2859 1995 2950 partium
2066 2879 2449 2923 aversarum

945 2964 1180 3030 additis
1245 2960 1913 3026 animadversionibus
1997 2959 2274 3043 subjicio
2331 2980 2447 3024 ne·

947 3067 1181 3151 glectis
1205 3064 1539 3129 nonnullis
1571 3062 1741 3149 typis
1760 3109 1777 3139 ,
1810 3075 1878 3126 et
1904 3059 2441 3146 inscriptionibus

946 3166 1473 3252 ignobilioribus.

946 3373 1028 3437 A.
1201 3367 1473 3434 NERO.
1549 3367 1942 3435 CLAVDIV
1944 3367 2012 3431 S.
2070 3367 2437 3433 CAESAR.

1212 3470 1421 3538 AVG.
1503 3468 1783 3533 Gssmu.
1856 3469 1932 3529 P.
2007 3471 2100 3533 Μ.
2159 3472 2299 3531 ΤΒ.
2359 3472 2441 3535 Ρ.

1208 3572 1388 3636 ῙΜΡ.
1450 3571 1528 3637 Ρ.
1592 3571 1670 3637 Ρ.
1761 3572 1979 3654 Caput
2022 3573 2459 3674 laureatum,

944 3778 1022 3840 Β.
1207 3672 1482 3836 geg-Ro·
1502 3772 1824 3839 CLAVD.
1848 3771 2217 3836 CAESAR.
2233 3770 2439 3838 AVG.

1209 3873 1416 3942 GER.
1466 3875 1546 3940 Ρ.
1581 3876 1676 3940 Η.
1714 3874 1856 3938 TR.
1899 3873 1976 3935 Ρ.
2006 3874 2208 3941 ·11uP.
2252 3876 2329 3936 P.
2358 3876 2434 3941 P.

1218 3976 1434 4060 Caput
1473 3957 1870 4043 laureatum.

945 4076 1394 4148 ADLOCVT.
1423 4077 1629 4144 COH.
1665 4077 1732 4142 S.
1769 4079 1842 4145 C.
1874 4080 1981 4163 (in
2005 4078 2178 4141 ‘aliis
2198 4078 2345 4141 sine
2365 4077 2434 4143 S.

944 4185 1053 4268 C.)
1086 4185 1463 4266 Imperator
1491 4194 1764 4266 togatus
1794 4184 1868 4245 in
1896 4192 2216 4265 suggestu
2247 4191 2440 4244 stans

946 4287 1090 4350 alia
1122 4298 1301 4347 rem
1320 4281 1557 4367 figura
1582 4296 1807 4347 stante
1840 4296 1973 4346 tres
2008 4283 2261 4345 milites
2288 4303 2437 4345 cum

943 4390 1158 4471 signis
1195 4386 1600 4449 militaribus
1639 4387 1986 4448 adstantes
2025 4385 2433 4462 adloquitur.

1018 4800 1079 4869 a)
1116 4796 1258 4855 Tac.
1291 4799 1443 4852 Ana.
1463 4793 1590 4856 xv.
1620 4804 1711 4882 57.
1748 4795 1860 4855 mo
1890 4796 1955 4856 1..
1974 4767 2149 4856 mm.
2184 4796 2233 4870 §-
2252 4806 2325 4861 28
2358 4807 2418 4854 et
2446 4794 2651 4854 Lxm.
2683 4807 2764 4861 ιε.

2567 2242 2685 2303 cui
2726 2244 2988 2305 modius
3028 2246 3326 2321 insistit,
3396 2257 3574 2308 retro
3619 2249 3835 2311 navis.
3920 2247 4060 2309 ΔΕ.

2565 2361 2739 2405 max.
2779 2342 2955 2407 mod.
2992 2358 3066 2407 et
3093 2347 3144 2409 I.
3172 2347 3256 2412 11.
3301 2347 3505 2428 (Mun.
3536 2346 3758 2428 Caes.)

2690 2445 2873 2508 Nero
2901 2444 3362 2509 liberalitatem
3397 2469 3579 2516 susm
3602 2448 3907 2533 profusis
3936 2449 4060 2512 lar-

2562 2544 2917 2629 gitionibus
3010 2547 3195 2633 plebi
3270 2568 3467 2634 saepe
3547 2549 4061 2627 commendavit,

2561 2649 2748 2732 cujus
2791 2661 2995 2712 testes
3037 2662 3187 2713 sunt
3220 2652 3404 2714 numi
3439 2652 3758 2736 congiarii
3794 2651 4062 2715 nomine

2559 2750 2890 2834 percussi,
2963 2771 3130 2835 quos
3191 2773 3344 2815 mox
3388 2752 3747 2818 citabimus.
3864 2753 4060 2846 Quod

2558 2864 2635 2915 ut
2672 2851 2847 2916 bene
2891 2853 3092 2918 vertit
3134 2853 3420 2933 Neroni,
3475 2855 3563 2919 ita
3597 2854 3765 2918 illud
3806 2868 4061 2940 postre-

2560 2975 2740 3018 mum
2814 2955 3128 3039 pessime,
3202 2975 3353 3019 cum
3424 2955 3495 3019 in
3552 2957 3813 3042 publica
3885 2957 4057 3022 fame

2557 3054 2986 3121 nunciabatur
3015 3055 3459 3122 Alexandrina
3508 3058 3692 3125 navis
3733 3060 3803 3120 in
3835 3059 4055 3122 locum

2551 3158 2865 3223 frumenti
2933 3156 3275 3224 advexisse
3321 3159 3670 3244 pulverem
3722 3161 4058 3228 luctatori-

2552 3259 2678 3325 bus
2737 3258 2990 3326 aulicis.
3094 3258 3245 3353 Quo
3297 3275 3605 3347 tempore
3671 3284 3822 3329 cum
3876 3285 4055 3331 com-

2554 3374 2744 3447 perta
2782 3362 2912 3447 jam
2955 3375 3132 3426 esset
3171 3362 3469 3429 Vindicis
3514 3364 3802 3430 defectio
3826 3412 3849 3446 ,
3920 3388 4056 3431 om·

2551 3463 2747 3528 nibus
2802 3476 2942 3529 tam
3003 3463 3291 3549 primum
3350 3466 3766 3534 contumeliis
3822 3488 4055 3558 props-

2555 3567 2684 3632 lam
2722 3566 2863 3652 peti
2895 3567 3116 3652 coepit
3155 3566 3245 3654 ἢ).
3940 3573 3947 3582 ’

2848 3773 2939 3830 Vt
2972 3771 3075 3833 lit.
3109 3771 3194 3834 B.
3233 3771 3450 3855 Caput
3484 3775 3753 3840 nudum.

2554 3870 2760 3937 ΑΒΔ.
2805 3872 3077 3938 PACIS.
3111 3872 3179 3937 S.
3212 3873 3291 3939 C.
3324 3875 3501 3941 Ara.
3551 3875 3690 3941 ΔΕ.
3716 3877 3797 3941 11.
3846 3875 4046 3959 (Hus-

2552 3975 2774 4055 Caes.)
3356 4005 3365 4014 ·

2681 4076 2968 4156 Constat,
3006 4077 3339 4142 Neronem
3372 4092 3791 4164 praeoptasse
3814 4097 4047 4162 pacem

2553 4197 2712 4261 prae
2742 4177 2906 4244 belli
2938 4180 3217 4245 turbidis
3257 4202 3389 4244 non
3431 4202 3655 4245 amore
3694 4180 3835 4264 ejus
3868 4179 4044 4258 boni,

2550 4280 2728 4365 quod
2773 4299 2850 4344 ea
2886 4296 3209 4365 praestat,
3262 4281 3382 4347 sed
3415 4296 3487 4347 ut
3522 4281 3818 4346 securius
3862 4302 4047 4346 vaca-

2549 4395 2659 4446 ret
2706 4383 3124 4450 Circensibus
3143 4430 3161 4462 ,
3224 4377 3582 4470 aurumque
3633 4386 4046 4450 committen-

2912 4795 2986 4870 b)
3027 4795 3188 4855 Suet.
3218 4815 3268 4857 c.
3288 4807 3379 4862 45.
