4509 5584
1412 578 2381 657 rnaerTIO.
3375 589 3457 648 lx

340 760 617 845 multa
652 754 775 841 illi
824 771 1070 845 antea
1123 759 1359 844 fuere
1403 759 1912 873 providenda
1931 824 1961 869 ,
2017 762 2301 875 magni
2345 760 2701 845 faciendi
2756 775 3195 874 apparatus
3213 832 3239 872 ,
3297 765 3480 878 qui-

196 1018 203 1027 ·
344 899 509 985 bus
566 894 887 981 omissis
928 895 1157 980 curis
1209 909 1542 983 tantum
1597 898 1906 1009 absint,
1962 911 2064 986 ut
2132 928 2335 984 sana
2403 898 2848 984 eruditioni
2889 897 3284 987 alimenta
3304 970 3331 1011 ,
3379 916 3483 989 .et

342 1036 438 1120 in
473 1034 1092 1123 incrementum
1126 1038 1561 1148 profutura
1595 1048 1926 1152 pararet
1941 1100 1971 1146 ,
2025 1051 2128 1123 ut
2169 1039 2422 1124 etiam
2438 1102 2478 1147 ‚.
2513 1065 2712 1121 cum
2767 1048 2996 1123 recte
3046 1035 3226 1151 'msa
3256 1010 3483 1126 sale-

338 1187 480 1259 ret
497 1243 523 1283 ,
578 1174 1069 1259 morborum
1105 1202 1461 1261 examen
1496 1172 1934 1263 induceret
1950 1245 1976 1285 ,
2028 1189 2115 1263 et
2130 1242 2156 1285 ‚
2215 1177 2289 1261 si
2325 1174 2502 1290 opis
2539 1172 2949 1289 indigeret
2963 1242 2989 1283 ‚
3047 1177 3479 1289 contrariis

343 1310 741 1397 remediis
800 1311 1156 1397 salutem
1205 1313 1593 1400 redderet
1644 1312 2282 1428 impeditiorem.
2339 1313 2795 1426 Oportebat
2840 1312 3205 1425 primum
3223 1382 3250 1423 ‚
3301 1316 3482 1402 non

342 1452 723 1563 recipere
758 1449 851 1533 in
887 1450 1384 1564 catalogum,
1436 1450 1596 1537 nisi
1628 1480 1953 1563 numos,
2003 1479 2363 1564 quorum
2403 1446 2987 1564 antiquitatem*
3012 1430 3498 1565 verumque'

344 1600 659 1672 statum
703 1599 852 1671 aut
888 1586 1423 1700 adprobasset
1456 1590 1659 1703 ipse,
1716 1603 1864 1675 aut
1898 1589 2229 1675 nonnisi
2260 1619 2311 1691 a
2349 1588 2547 1674 viris
2579 1587 2670 1672 in
2695 1600 2880 1675 arte
2919 1603 3202 1675 nostra
3242 1618 3480 1702 prae-

340 1724 869 1810 stantissimis
890 1725 1434 1838 adprobatam
1464 1728 1851 1815 novisset.
1909 1728 2166 1841 Atqui
2196 1727 2287 1811 in
2304 1727 2610 1810 horum
2643 1752 2994 1811 numero
3025 1756 3197 1817 non
3221 1727 3476 1815 fuisse

342 1865 787 1948 Oeconem
837 1892 1088 1948 suum
1104 1931 1130 1973 ,
1199 1864 1661 1979 intelligere
1709 1865 1889 1977 ipse
1934 1865 2177 1949 facile
2226 1863 2522 1977 potuit.
2604 1862 2708 1949 Vt
2762 1863 2993 1948 enim
3038 1864 3132 1949 in
3187 1866 3478 1978 quavis

342 2012 535 2085 arte
566 2000 841 2116 prima
878 2001 1445 2116 experimenta
1494 2003 1829 2087 fallacia
1851 2015 2072 2112 sunt,
2119 2004 2239 2088 ita
2269 2031 2442 2088 non
2471 2013 2822 2115 possunt
2858 2000 3214 2103 Qcconis
3253 2032 3484 2087 com-

344 2136 748 2225 mentarii
765 2207 791 2247 ,
844 2138 991 2254 qui
1033 2139 1260 2224 aliud
1299 2171 1470 2227 non
1503 2153 1700 2228 sunt
1714 2208 1739 2251 ‚
1790 2140 1952 2226 nisi
1996 2140 2365 2255 primum
2402 2140 2599 2226 artis
2645 2152 2979 2226 nostrae
3015 2153 3487 2251 tentamen,

338 2277 605 2362 variis
636 2276 906 2362 modis
942 2308 1114 2364 non
1146 2281 1647 2393 frequenter,
1682 2278 2206 2394 graviterque
2238 2305 2617 2394 peccare,
2669 2306 2877 2392 quos
2918 2277 3222 2366 sicum
3258 2292 3484 2365 aeta·-o

340 2415 461 2500 tis
502 2444 707 2500 suae
761 2416 1055 2529 opibus
1098 2416 1602 2507 contendere
1633 2417 2012 2504 libuisset
2027 2485 2052 2526 ‚
2109 2417 2550 2531 reperisset
2592 2416 3029 2526 continuo,
3084 2417 3489 2530 majorem

345 2576 809 2639 numorum
831 2622 857 2664 ,
908 2583 1118 2669 quos
1154 2554 1220 2639 ii
1252 2554 1721 2660 continent,
1770 2570 2095 2668 partem
2138 2569 2286 2643 aut
2324 2583 2504 2640 esse
2540 2553 2872 2663 falsam,
2917 2568 3066 2641 aut
3114 2567 3482 2669 spectata

348 2690 847 2806 epigraphe,
904 2693 1122 2806 typis
1141 2759 1165 2800 ‚
1222 2693 1573 2809 aliisque
1609 2691 1879 2779 causis
1916 2691 2419 2806 gravissimis
2456 2720 2508 2777 a
2550 2719 2753 2779 vero
2792 2718 3298 2808 magnopere
3337 2695 3483 2776 ab-

348 2828 664 2914 ludere.
722 2832 835 2916 At
879 2856 1078 2916 vero
1116 2831 1364 2949 hujus
1414 2848 1762 2921 nanuae
1802 2862 1975 2918 non
2026 2830 2279 2918 modo
2331 2844 2526 2917 sunt
2544 2898 2571 2939 ‚
2631 2858 2838 2944 quos
2890 2829 3483 2916 Mediobarbus

348 2967 443 3049 in
496 2968 968 3083 catalogum
1026 2997 1274 3055 suum
1335 2971 1670 3086 recipit,
1751 2968 1987 3057 numi
2044 2967 2497 3058 Oeconiani
2524 3034 2550 3076 ‚
2610 2980 2699 3052 et
2745 2966 2892 3081 qui
2923 2966 3053 3052 his
3091 2964 3484 3080 permixti

290 3142 309 3159 ·
348 3119 594 3214 sunt,
658 3105 1125 3219 Goltziani‚
1182 3107 1637 3203 sedetiam
1658 3178 1684 3219 ‚
1744 3138 1948 3224 quos
1988 3109 2167 3221 ipse
2208 3105 2436 3191 nullo
2495 3103 2808 3189 dilectu
2865 3131 2975 3189 ex
3020 3104 3486 3190 communi-

318 3242 566 3329 ·catis
618 3274 909 3332 secum
955 3247 1396 3363 catalogis„
1455 3247 1951 3361 schedis-que
2003 3244 2391 3354 corrasit,
2450 3256 2544 3331 et
2589 3241 2680 3328 in
2715 3270 2962 3328 suum
2997 3243 3487 3356 Amaltheae

350 3409 622 3468 cornu
674 3385 1057 3501 conjecit.
1094 3387 1569 3494 Percurre,
1643 3387 1717 3471 si
1759 3386 2034 3493 lubet,
2099 3385 2370 3469 fontes
2387 3452 2413 3492 ,
2467 3379 2697 3467 unde
2729 3380 2800 3466 is
2833 3409 3002 3467 sua-
3019 3379 3346 3493 hausit,·
3397 3396 3484 3469 et

356 3549 571 3634 quos
603 3521 785 3636 ipse
819 3525 913 3609 in
958 3525 1124 3609 fine
1163 3523 1434 3639 operis
1487 3522 1620 3609 sui
1655 3523 2053 3609 indicavit
2068 3590 2094 3631 ‚
2149 3535 2236 3608 et
2273 3519 2632 3636 reperies
2679 3518 2772 3603 in
2803 3517 2934 3607 his
2979 3532 3127 3607 aut
3164 3521 3489 3605 obsole-

358 3672 496 3744 tos
568 3659 750 3745 illos
827 3662 1238 3750 Levinum
1292 3661 1674 3748 Hulsium
1692 3733 1718 3773 ,
1797 3661 2285 3747 Tristanum
2304 3729 2330 3768 ‚
2406 3658 2930 3774 Angelonum
2949 3726 2974 3767 ‚
3034 3658 3442 3744 Smetium
3464 3728 3489 3767 ,

354 3810 550 3906 ant,
613 3799 919 3912 quibus
955 3801 1181 3885 nulla
1216 3803 1462 3915 plane
1506 3800 1892 3886 habenda
1941 3798 2143 3884 fides
2163 3867 2188 3908 ‚
2244 3795 2719 3911 Ligorium·,
2775 3825 3076 3881 numos
3111 3800 3494 3882 Arscota-

358 3962 515 4019 nos
572 3949 726 4023 etc.
789 3951 936 4023 aut
981 3939 1397 4053 catalogos
1458 3951 1888 4026 contextos
1946 3938 2054 4020 ab
2117 3935 2604 4021 auctoribus
2620 4002 2647 4043 ‚
2722 3960 3084 4048 quorum
3152 3936 3490 4022 nomina

356 4074 560 4186 resp.
620 4073 1031 4187 literariae
1100 4076 1381 4190 ignota
1424 4105 1762 4192 semper
1795 4077 2050 4160 fuere.
2111 4079 2389 4189 Atque
2445 4100 2553 4157 ex
2592 4071 2723 4157 his
2776 4073 3239 4186 praeconiis
3292 4101 3488 4158 cum

356 4211 822 4296 maximam
870 4216 1639 4330 supplementorum
1683 4236 2027 4301 suorum
2058 4226 2384 4326 partem
2422 4212 2737 4327 legeret
2756 4278 2783 4319 .,
2839 4213 3157 4295 factum
3200 4238 3491 4297 neces-

306 4382 323 4389 ·
356 4350 580 4435 sario
599 4418 626 4459 ‚
682 4380 854 4437 non
889 4354 1140 4439 modo
1177 4368 1277 4440 ut
1310 4350 1792 4466 spuriorum·
1823 4349 2152 4466 copiam
2208 4350 2551 4436 inferret
2572 4417 2597 4458 ‚
2655 4376 3126 4462 numosque
3161 4352 3518 4464 reprae-·

358 4502 736 4578 sentaret
768 4521 869 4577 eo
908 4492 1168 4602 cultu,
1230 4522 1486 4606 quem
1521 4490 1966 4606 antiquitas
2004 4486 2423 4575 inficiatur
2439 4556 2466 4597 ‚
2523 4487 2670 4574 sed
2703 4488 2953 4574 etiam
2992 4517 3092 4574 ea
3127 4500 3493 4604 praeter-

354 4628 563 4737 iret,
643 4658 860 4744 quae
915 4629 1020 4714 ad
1060 4658 1360 4717 verum
1412 4659 1523 4714 ex
1577 4657 1691 4714 nu
1701 4628 1854 4714 mis
1915 4626 2417 4741 capiendum
2463 4627 2832 4713 fructum
2887 4624 3488 4740 praetereunda

362 4766 714 4853 minime
750 4769 1109 4855 fuerunt.
1164 4774 1309 4887 An,
1338 4767 1560 4853 enim
1597 4782 1772 4852 toto
1827 4766 1967 4850 illo
2008 4793 2258 4883 opere
2294 4762 2426 4851 vel
2468 4765 2726 4850 semel
2762 4764 3321 4857 commonitus
3363 4777 3486 4847 est

488 4931 677 5012 (rot.
723 4930 894 5015 VJ.)
2765 4905 2826 4986 b
