4509 5584
1580 553 1690 625 M.
1751 547 2384 630 ANTONIVS.
3417 519 3534 663 ‘59

426 725 618 805 dant,
688 723 873 810 cujus
915 721 1157 791 deinde
1198 732 1626 808 progressum
1666 721 1925 810 praedi.-

425 841 533 892 cat
576 826 814 892 Strabo
837 871 859 905 ,
911 824 1347 911 cum‘refert,
1402 846 1520 911 sua
1574 824 1671 919 ibi
1708 839 1923 905 aetate

423 953 467 993 a
543 928 900 1014 praefectis
989 927 1331 992 Romanis.
1371 939 1703 1013 monetam
1771 949 1924 1007 cum

421 1049 691 1096 aurem
706 1074 727 1110 ,
798 1043 941 1095 tum
1005 1042 1388 1115 argenteam
1444 1029 1603 1096 cudi
1627 1032 1712 1105 ·).
1798 1033 1927 1115 Ty·

420 1152 553 1216 pus
622 1133 694 1197 in
766 1131 871 1195 his
929 1131 1271 1200 Victoriae
1333 1151 1744 1219 nequaquam
1810 1152 1929 1198 ne-

426 1233 752 1312 cessario,
843 1232 1019 1319 quod
1088 1235 1428 1320 plerisque
1499 1234 1775 1301 eruditis
1831 1235 1926 1299 vie

423 1356 609 1414 sum,
664 1335 940 1401 relatam
983 1334 1649 1420 aliquam.victoriam
1692 1335 1919 1417 innuit,

420 1458 572 1501 cum
622 1459 699 1504 ea
741 1438 825 1502 sit
867 1451 1069 1525 typus
1088 1437 1333 1505 ,obrius
1371 1436 1441 1502 in
1473 1440 1929 1507 Romanorum

421 1539 771 1625 quinariis,
840 1558 993 1604 eum
1037 1539 1271 1626 quibus
1312 1540 1385 1603 hi
1425 1541 1722 1625 pondere
1766 1562 1919 1609 con-.-

414 1643 692 1727 spirant.
796 1638 944 1735 Qua
984 1641 1237 1706 ratione
1281 1641 1394 1705 leo
1435 1642 1521 1705 ud
1558 1643 1920 1708 Antonium

416 1744 782 1828 pertineat,
827 1742 1085 1807 dicetur
1124 1741 1295 1806 infra
1330 1741 1413 1806 ad
1446 1763 1689 1807 annum
1723 1745 1807 1812 V.
1841 1748 1912 1809 C.

410 1849 571 1928 7¹5·
632 1846 737 1908 Ex
777 1845 904 1907 hoc
942 1844 1015 1912 in
1046 1842 1405 1906 Antonium
1445 1842 1708 1911 adfectu
1739 1845 1917 1912 Vail·

409 1947 653 2017 lantius
686 1945 991 2024 leonem,
1016 1946 1147 2031 qni
1178 1943 1511 2029 hodieque
1544 1945 1783 2013 urhis·
1762 1946 1917 2013 msi-

411 2069 543 2133 gne
579 2047 770 2123 facit,
830 2060 967 2109 tum
996 2060 1062 2109 et
1085 2046 1293 2130 ipsam
1321 2045 1503 2159 urbis
1529 2049 1914 2134 appellatio-

413 2172 571 2215 nem
604 2153 777 2213 Lion
808 2147 1090 2221 derivat.

540 2248 844 2334 Inscripti
884 2250 1036 2313 anni
1076 2248 1233 2313 XL.
1249 2248 1424 2315 XLI.
1471 2248 1736 2314 uberius
1779 2269 1914 2315 me-

406 2354 541 2415 ’rito
602 2372 878 2415 examen
934 2351 1300 2435 postulant,
1345 2350 1524 2436 quod
1565 2365 1913 2438 antequam

408 2453 764 2532 exordior,
841 2450 1342 2539 inquirendum,
1419 2452 1652 2538 quibus
1726 2454 1911 2518 urbis

410 2554 716 2620 conditae
749 2556 931 2621 annis
965 2553 1220 2639 possint
1252 2555 1684 2637 respondere.
1730 2556 1913 2641 Istud

410 2671 733 2735 eertum„
785 2678 901 2721 eos
943 2657 1112 2720 intra
1166 2676 1368 2718 annos
1406 2657 1488 2723 V.
1523 2658 1596 2721 C.
1630 2679 1751 2741 7¹¹
1777 2701 1796 2736 ,
1846 2671 1914 2722 et

414 2758 674 2821 initium
727 2768 856 2837 7¹4
908 2756 1481 2841 constringendos.
1581 2762 1746 2823 Nam
1805 2783 1915 2849 an?

414 2880 507 2924 no
568 2860 833 2929 demum
893 2881 1013 2940 7¹¹
1078 2859 1509 2944 Lugdunum,
1588 2874 1663 2923 ut
1738 2861 1910 2940 dixi,

378 2960 699 3027 'deducta
762 2960 1057 3038 colonia,
1127 2974 1197 3025 et
1255 2981 1337 3024 eo
1400 2960 1482 3023 ad
1526 2958 1724 3023 finem
1770 2982 1914 3033 vere

408 3076 616 3148 gente
660 3062 946 3127 Antonio
989 3061 1307 3146 permissa
1342 3061 1551 3127 Gallia
1592 3085 1793 3138 nova,
1838 3065 1909 3126 in

414 3187 543 3249 qua
599 3165 793 3227 situm
853 3163 1281 3247 Lugdunum,
1355 3178 1424 3228 et
1464 3165 1607 3248 ipse
1650 3165 1908 3251 Elvira-5

408 3280 555 3329 tum
643 3265 863 3330 adivit.
973 3268 1214 3331 Postea
1287 3264 1479 3328 initio
1556 3267 1710 3331 anni
1750 3275 1913 3350 7¹4

415 3365 812 3433 Octavianus
856 3367 926 3433 iu
968 3366 1213 3433 Gallias
1273 3367 1610 3450 profectus
1656 3369 1915 3434 exerci-

409 3484 589 3548 tum,
650 3471 764 3555 qui
814 3469 909 3532 ibi
954 3470 1074 3534 sub
1123 3467 1316 3533 Fufio
1365 3471 1611 3535 Caleno
1641 3471 1911 3539 Antonii

408 3573 636 3656 legato
688 3571 928 3649 stabat,
992 3586 1183 3657 atque
1217 3570 1424 3655 ipsam
1457 3572 1726 3638 Antonii
1757 3596 1911 3659 pro-

410 3674 695 3739 vinciam
754 3673 1035 3738 Galliam
1094 3673 1432 3758 occupavit
1461 3673 1566 3757 b),
1647 3692 1730 3740 ex
1774 3696 1905 3761 quo

407 3792 715 3864 tempore
751 3776 1107 3843 verisimile
1135 3797 1267 3853 non
1302 3789 1441 3854 est,
1485 3777 1756 3840 Antonii
1792 3798 1908 3842 no-

409 3878 611 3943 mine
632 3880 945 3975 signatam
988 3876 1299 3981 Lugduni
1340 3877 1704 3963 pecuniam.
1782 3881 1907 3943 Er·

412 4002 501 4064 go
532 4003 734 4048 annos
768 3976 909 4044 XL.
938 3993 1304 4043 retrorsum
1337 3979 1732 4062 gradiendo,
1801 4003 1911 4045 an-

409 4106 533 4149 nus
591 4085 640 4148 1.
703 4080 1049 4192 pendebit
1085 4081 1165 4145 ab
1228 4085 1413 4145 annis
1474 4084 1560 4151 V.
1627 4083 1697 4146 C.
1740 4084 1908 4165 672,

411 4185 566 4267 673,
627 4184 756 4266 674
818 4197 1122 4269 tanquam
1177 4182 1364 4248 initio
1430 4184 1761 4268 epochae,
1844 4184 1913 4249 ἰιι

415 4287 598 4370 cujus
643 4285 1033 4352 constitutae
1087 4308 1349 4351 causam
1392 4286 1590 4351 modo
1642 4286 1913 4372 inquiti-

418 4409 702 4563 mmEum
735 4487 1128 4558 Vaillantius
1164 4489 1264 4557 ,εἷο
1297 4489 1566 4574 exponit
1596 4492 1690 4571 0)=
1761 4488 1913 4552 Gal-

2032 721 2124 803 lia
2173 721 2616 807 Transalpina.
2642 721 2811 787 faeta
2861 736 2962 786 est
3006 723 3342 807 provincia
3387 726 3528 807 Rog-

2034 845 2227 889 mana
2266 827 2349 893 V.
2387 826 2457 892 C.
2498 821 2651 900 634.
2746 825 3142 910 Lugdunum
3182 840 3340 905 tnnc
3377 849 3528 914 θοις

2037 925 2260 1015 coepit
2297 926 2420 990 sub
2460 928 2908 991 Romanorum
2968 930 3313 1011 potestate.
3396 935 3535 999 lam

2039 1047 2202 1095 vero
2260 1030 2354 1097 M.
2417 1026 2744 1092 Antonius
2804 1028 3021 1094 mviri
3076 1043 3278 1115 pater,
3324 1032 3407 1102 V.
3454 1034 3530 1099 C.

2040 1132 2168 1213 674
2226 1130 2308 1194 L.
2374 1129 2646 1194 Manilio
2722 1130 2791 1192 in
2849 1129 3060 1195 Gallia
3120 1131 3534 1199 Narbonensi

2032 1229 2164 1297 fuit
2219 1231 2476 1312 legatus
2529 1247 3041 1318 proquae'store,
3111 1234 3223 1319 qui
3264 1236 3537 1320 Lugdu-

2034 1331 2348 1402 nensibus
2391 1345 2652 1415 senatus
2695 1336 3099 1412 consultum,
3146 1356 3277 1420 quo
3317 1340 3530 1415 muni-7

2035 1434 2217 1518 cipes
2250 1448 2512 1513 essent,
2554 1436 2847 1499 attulisse
2878 1436 3157 1502 videtur.
3222 1440 3358 1502 Pro
3395 1460 3529 1525 quo

2034 1536 2203 1601 adeo
2245 1535 2575 1601 beneficio
2621 1537 3100 1620 Lugdunenses
3126 1537 3207 1601 ab
3258 1540 3387 1604 hoo
3423 1544 3533 1606 an·

2032 1658 2121 1704 no
2152 1637 2284 1721 674
2309 1659 2527 1702 aeram
2553 1659 2904 1702 numerare
2946 1654 3331 1724 coeperunt.

2036 1794 2041 1799 .
2118 1739 2394 1804 ‚Omnis
2441 1739 2605 1802 haec
2651 1737 2990 1808 Vafflamii
3042 1741 3252 1807 oratio
3289 1744 3525 1826 partim

2029 1855 2260 1925 aperte
2305 1841 2510 1919 falsa,
2575 1840 2813 1924 partim
2859 1841 3180 1925 ambiguis
3220 1844 3378 1908 nixa
3417 1853 3531 1913 vel

2022 1941 2155 2019 hoc
2204 1964 2339 2025 uno
2384 1941 2757 2019 refellitur,
2819 1940 2876 2005 si
2917 1964 3197 2028 negem,
3259 1947 3524 2031 Lugdu·

2027 2058 2336 2109 numaut
2384 2065 2555 2108 anno
2604 2047 2689 2113 V.
2713 2045 2788 2111 C.
2826 2043 2987 2122 634,
3036 2058 3150 2109 aut
3189 2046 3320 2129 674
3371 2049 3529 2113 fuis-

2029 2130 2119 2210 se‘
2164 2146 2233 2208 in
2305 2148 2753 2210 Romanorum
2820 2159 3169 2230 potestate.
3253 2150 3391 2214 Per
3453 2151 3526 2213 id

2028 2260 2287 2331 tempus
2333 2248 2643 2312 Romanis
2690 2269 2769 2312 ea
2803 2260 3053 2311 tantum
3092 2248 3343 2316 Galliae
3369 2275 3522 2338 pars

2027 2349 2274 2434 paruit,
2356 2370 2521 2434 quac
2600 2350 2810 2413 serius
2891 2349 3374 2433 Narbonensis,
3459 2371 3525 2420 at

2026 2463 2164 2513 tum
2216 2448 2431 2515 Gallia
2481 2451 2905 2535 Transalpina
2966 2450 3138 2517 dicta
3165 2476 3168 2477 ⁷
3200 2454 3361 2534 fuit,
3441 2458 3523 2522 ad

2029 2574 2220 2638 quam
2257 2552 2444 2616 nullo
2471 2567 2664 2637 pacto
2706 2552 3088 2637 pertinuere
3137 2554 3519 2641 Segusiani,

2025 2653 2098 2716 in
2156 2652 2391 2738 quibus
2450 2652 2646 2717 situm
2709 2654 3124 2738 Lugdunum.
3229 2660 3337 2721 En
3378 2661 3521 2741 eius

2029 2756 2437 2819 luculentam
2481 2769 2717 2820 testem
2759 2758 3109 2823 Caesarem
3152 2759 3259 2844 d):
3325 2762 3528 2845 Segu-

2028 2860 2391 2938 siauisque,
2452 2860 2573 2936 qui
2607 2870 2767 2920 sunt
2786 2859 3092 2944 finitimi
3117 2863 3528 2927 -Provc'neioe

2029 2970 2153 3023 eto.
2204 2958 2268 3019 si
2310 2955 2604 3037 finitimi,
2664 2979 2828 3043 ergo
2873 2980 3005 3021 non
3052 2960 3121 3023 in
3156 2962 3529 3029 Provincia.

2026 3058 2207 3121 Alibi
2237 3060 2335 3141 ⁶)=
2409 3061 2524 3123 Ab
2560 3061 3049 3143 Allobrogibus
3090 3065 3164 3125 in
3220 3062 3534 3147 Segusia-

2025 3180 2148 3225 nos
2176 3164 2543 3226 emes-citum
2572 3163 2803 3233 dactt3
2842 3161 2921 3225 Izi
2951 3175 3107 3227 sunt
3139 3177 3340 3227 extra
3376 3169 3536 3230 Pro-

2027 3265 2323 3326 vinciam
2349 3273 2540 3327 trans
2568 3262 2963 3327 Rhodanum
2978 3265 3208 3348 pritni.
3231 3322 3242 3329 ,
3270 3265 3342 3328 Si
3359 3286 3529 3352 ergo

2026 3364 2322 3429 Caesaris
2362 3364 2579 3431 adhuc
2606 3380 2815 3431 aetate
2858 3366 3257 3453 Lugdunum
3296 3367 3421 3432 fuit
3448 3369 3528 3433 li·

2024 3466 2298 3547 berum,
2347 3468 2555 3532 multo
2597 3470 2802 3553 magis
2845 3469 2915 3533 id
2946 3470 3070 3534 fuit
3110 3470 3294 3536 annis
3330 3484 3517 3537 retro

2022 3570 2203 3647 XX„
2287 3584 2358 3634 et
2433 3571 2611 3653 quod
2682 3571 3012 3656 sequitur,
3091 3572 3517 3657 municipium

2022 3671 2420 3756 Lugdunum
2465 3659 2771 3738 constitui
2804 3696 2937 3737 non
2966 3676 3177 3759 potuit
3208 3676 3376 3740 ultra
3407 3678 3525 3741 im·

2021 3774 2197 3858 perii
2234 3771 2400 3839 fines
2439 3788 2577 3838 tum
2621 3775 2831 3839 adhuc
2890 3776 3196 3860 positum.
3282 3780 3516 3862 Neque

2019 3896 2186 3942 vero
2222 3877 2430 3939 'etiam
2470 3876 2617 3958 plus
2648 3876 2898 3955 valeat,
2969 3899 3134 3964 quae
3169 3879 3270 3941 ibi
3303 3880 3388 3942 de
3430 3884 3521 3942 M.

2022 3977 2312 4041 Antonio
2366 3978 2581 4042 mviri
2629 3992 2812 4061 patre
2859 3979 2940 4044 L.
2987 3980 3238 4044 Manilii
3273 3980 3340 4044 in
3373 3981 3527 4046 Gal-

2023 4078 2113 4143 lia
2181 4079 2594 4142 Narbonensi
2663 4093 3138 4164 proquaestore
3206 4104 3292 4147 ex
3347 4084 3525 4149 Livii

2025 4180 2364 4248 breviario
2401 4181 2556 4243 libri
2586 4182 2722 4251 XC.
2756 4182 3064 4275 Piglgium
3100 4199 3361 4250 secutus
3382 4231 3400 4263 ,
3449 4200 3523 4249 nt

2023 4283 2172 4348 fere
2218 4305 2518 4368 semper,
2584 4283 2869 4351 disserit.
2968 4286 3236 4351 Pridem
3279 4288 3529 4353 eruditi

2025 4388 2201 4450 hune
2260 4388 2479 4452 locum
2529 4386 2820 4450 luxatum
2867 4386 3209 4465 viderunt,
3293 4403 3378 4453 et.
3402 4411 3526 4475 pro

2026 4488 2855 4573 Antoniusreponendum
2877 4492 3248 4559 Domitius.
3284 4492 3527 4558 Parum

476 4721 539 4790 a)
576 4718 645 4775 1..
676 4713 785 4774 IV·
826 4724 1035 4789 [καφ.

405 4807 556 4867 Gall.
589 4807 657 4866 L.
692 4801 834 4866 vn.
872 4805 1031 4867 c.64.
1180 4804 1242 4875 e)
1281 4801 1428 4860 ibid.
1459 4801 1523 4859 L.
1556 4801 1602 4860 Ι.
1640 4816 1801 4865 c.1o.

1184 4714 1254 4784 b)
1294 4713 1553 4789 Appiam.
1591 4712 1734 4771 Bell.
1758 4713 1878 4771 civ.
1909 4713 1975 4771 L.
2008 4712 2081 4773 V.
2119 4732 2168 4771 e.
2202 4722 2290 4776 51.

2439 4714 2508 4785 c)
2545 4713 2717 4772 Num.
2763 4715 2899 4773 sam.
2944 4736 3006 4793 p.
3034 4730 3124 4791 91.
3269 4669 3344 4792 d)
3383 4717 3532 4776 Bell.
