4509 5584
1040 573 1183 646 521³»

2169 553 3011 633 VESPASIANVs.

1313 727 1488 791 ιιιΡ.
1527 723 1780 789 CAES.
1830 719 2190 791 VESPAS.
2233 722 2445 793 Ave.
2492 693 2566 788 Ρ.
2610 727 2701 787 ιι.
2746 726 2889 792 ΤΒ.
2930 726 3010 786 Ρ.
3053 725 3131 790 P.
3169 727 3253 791 P.
3301 721 3491 788 cos.
3537 726 3649 788 111.
3737 724 3953 808 eaput
3998 725 4183 831 ιω..

1479 839 1772 901 reatum,
1818 828 1891 886 in
1933 827 2080 887 AB.
2119 826 2177 888 I.

1028 732 1086 793 1²·

1021 930 1103 993 G.
1305 928 1487 993 mP.
1525 928 1898 991 CAESAR.
1944 925 2458 992 VESPASIAN.
2492 927 2707 1021 AVG.
2754 925 2939 990 COS.
2976 927 3087 991 111.
3134 926 3352 1008 Caput
3381 928 3753 1004 radiatum,
3796 926 4153 1009 epigraphe

1019 1134 1086 1195 Η

1476 1034 1724 1105 rarior,
1772 1033 1844 1089 in
1889 1025 2039 1088 ΑΕ.
2081 1029 2179 1092 ΙΙ.

1305 1132 1484 1194 MP.
1530 1131 1726 1195 CAE.
1771 1128 2284 1196 VESPASIAN.
2334 1127 2537 1194 AVG.
2584 1130 2662 1192 P.
2697 1128 2973 1192 Mffrn.
3007 1128 3083 1193 P.
3116 1128 3190 1188 P.
3225 1128 3303 1192 P.
3349 1125 3538 1193 COS.
3570 1130 3680 1189 111.
3746 1129 3962 1208 Caput
4000 1128 4147 1191 lau·

1473 1245 1770 1307 reatum,
1814 1232 2169 1312 epigraphe
2212 1235 2471 1307 rarior,
2517 1233 2589 1292 in
2627 1233 2783 1294 ΑΕ.
2816 1231 2869 1291 I.

1019 1338 1069 1399 1.
1306 1334 1483 1398 IMP.
1535 1331 1900 1395 CAESAR.
1946 1331 2573 1399 VESPASIANVS.
2616 1330 2821 1398 AVG.
2866 1332 2944 1392 P.
2986 1330 3083 1393 Π.
3126 1330 3212 1393 Τ.
3258 1331 3335 1390 P.
3372 1331 3449 1397 P.
3483 1330 3558 1394 P.
3607 1327 3801 1393 GOS.
3838 1329 3949 1392 111.
4024 1330 4146 1392 Ca·

1464 1448 1588 1516 put
1632 1435 2046 1508 laureatum,
2092 1437 2163 1494 in
2201 1433 2362 1496 ΑΕ.
2407 1435 2461 1495 I.

1304 1535 1506 1600 mr,
1529 1535 1895 1598 CAESAR.
1939 1534 2566 1601 VESPASIANVS.
2612 1532 2815 1600 AVG.
2860 1531 2936 1597 P.
2978 1533 3074 1597 M.
3124 1532 3263 1594 ΤΒ.
3302 1533 3381 1600 P.
3414 1532 3492 1597 P.
3521 1532 3601 1599 Ρ.
3616 1530 3831 1597 (308.
3861 1531 3971 1593 m.
4022 1532 4147 1594 Ca-

1462 1653 1589 1720 put
1637 1638 2051 1709 laureatum,
2096 1639 2170 1696 in
2209 1634 2475 1697 AE.1.

1017 1537 1074 1603 Β

1016 1742 1099 1833 1¹:
1300 1741 1482 1802 IMP.
1516 1736 1762 1801 CAES.
1792 1735 2418 1803 VESPASIANVS.
2456 1731 2658 1802 AVG.
2686 1734 2881 1799 COS.
2914 1735 3026 1798 111.
3078 1734 3291 1818 Caput
3326 1738 3702 1810 radiatum,
3746 1739 3818 1798 in
3851 1734 4011 1799 ΛΕ.
4044 1734 4140 1800 ΙῙ.

1015 1845 1112 1909 Μ.
1304 1843 1482 1905 ῙΜΡ.
1533 1838 1777 1902 CAES.
1821 1837 2071 1903 VESP.
2114 1837 2323 1904 AVG.
2365 1840 2439 1899 P.
2484 1841 2577 1899 M.
2646 1840 2859 1919 Caput
2904 1839 3314 1913 laureatum,
3359 1841 3433 1900 in
3477 1839 3629 1901 AV.
3672 1839 3837 1902 AB.

1015 1942 1081 2004 N
1305 1943 1488 2007 IMP.
1534 1937 1900 2003 CAESAR.
1946 1939 2457 2006 VESPASIAN.
2501 1937 2707 2004 AVG.
2752 1939 2930 2003 ῙΜΡ.
2980 1939 3121 2003 TR.
3165 1939 3367 2003 POT.
3401 1940 3479 2001 Ρ.
3516 1941 3595 2006 P.
3620 1939 3819 2005 COS.
3849 1941 3959 2001 111.
4023 1939 4146 2002 ca·

1462 2053 1589 2124 put
1625 2042 2035 2118 laureatum,
2081 2045 2154 2104 in
2190 2042 2352 2107 ΛΕ.
2399 2041 2454 2107 Ι.
2499 2039 2824 2124 (Pellerin
2861 2040 3020 2106 Hel.
3051 2041 3098 2102 1.
3131 2060 3199 2125 p.
3223 2042 3402 2126 που.)

1541 2290 1579 2330 ff
1750 2243 1788 2282 ⁸
1962 2292 1997 2328 ἃ

1147 2344 1509 2408 Praemitto
1555 2365 1816 2407 rursum
1867 2365 2133 2422 numos,
2188 2343 2302 2430 qni
2347 2343 2519 2423 lilios

1021 2465 1167 2509 cum
1209 2460 1395 2529 patre
1438 2446 1706 2512 sociant.

1304 2553 1396 2611 Vt
1432 2549 1539 2613 lit.
1569 2550 1663 2614 A.

1018 2648 1265 2713 CAES.
1318 2649 1520 2714 AVG.
1567 2650 1642 2713 F.
1696 2650 1889 2713 DES.
1950 2649 2130 2714 IMP.
2188 2647 2523 2715 AVGzr.

1014 2751 1205 2815 COS.
1260 2751 1454 2814 DES.
1497 2751 1608 2814 1⁷1¹.
1657 2749 1723 2813 8.
1759 2753 1833 2812 C.
1905 2750 2131 2826 Titus,
2179 2764 2244 2813 et
2292 2753 2527 2813 Domi·

1016 2857 1247 2915 tianus
1300 2853 1567 2914 adversi
1623 2864 1881 2914 stantes
1920 2852 2243 2933 paludati
2293 2853 2357 2914 d.
2401 2852 2520 2914 ha·

1013 2967 1210 3030 stam,
1242 2977 1292 3018 s.
1319 2956 1760 3035 parazom’um
1794 2964 2039 3015 tenent.
2088 2951 2170 3013 In
2198 2953 2360 3015 alic's
2382 2954 2524 3034 ple-

1016 3042 1170 3116 nta.
1206 3059 1559 3136 scriptum-.-
1609 3053 1975 3114 CAESAR.
2015 3065 2082 3115 ec
2115 3052 2406 3115 nesle.
2446 3065 2515 3117 ee

1016 3155 1246 3220 ITER.
1294 3157 1436 3220 ΔΕ.
1466 3156 1514 3216 1.
1564 3157 1761 3236 (Mus.
1793 3155 1982 3218 Caes.
2017 3154 2342 3235 Horeili.)

1305 3260 1570 3319 Amica
1605 3261 1888 3319 incerta.

1018 3362 1097 3422 Τ.
1133 3357 1307 3419 ΙΜΡ.
1343 3356 1711 3420 CAESAR.
1750 3356 1940 3418 COS.
1973 3357 2167 3421 DES.
2193 3361 2277 3442 ῌ.
2312 3358 2517 3423 CAE-

1018 3459 1206 3521 SAR.
1241 3457 1558 3520 DOMIT.
1595 3456 1785 3521 COS.
1819 3458 2014 3522 DES.
2048 3460 2125 3524 11.
2164 3461 2232 3522 S.
2265 3458 2334 3523 C.
2395 3459 2515 3541 Ἰζγ-

1006 3582 1132 3641 pus
1164 3563 1358 3622 idem.
1406 3558 1546 3618 AE.
1581 3559 1630 3620 1.
1669 3560 1922 3643 (Beger
1951 3559 2152 3624 Thes.
2186 3561 2301 3625 ΒΡ.
2333 3562 2411 3624 Τ.
2432 3562 2510 3623 11.

1013 3681 1078 3743 p.
1103 3659 1248 3723 632.
1291 3658 1615 3740 Metelli.)

1143 3760 1421 3837 Gorins,
1481 3761 1590 3845 qui
1645 3759 1711 3822 in
1745 3761 1887 3847 ‘hos
1931 3759 2225 3823 Morellii
2277 3779 2510 3823 numos

1019 3875 1489 3928 commentatus
1547 3876 1680 3939 est,
1738 3882 1855 3925 eos
1913 3882 2079 3926 anno
2137 3862 2220 3928 V.
2255 3861 2329 3924 C.
2384 3862 2509 3924 825

1017 3965 1302 4049 signatos
1350 3963 1546 4027 docet
1592 3965 1669 4047 ⁸).
1731 3966 1821 4027 At
1866 3964 2040 4027 enim
2089 3962 2145 4026 is
2195 3947 2509 4046 judicium

1012 4081 1265 4132 tantum
1317 4087 1399 4129 ex
1445 4073 1629 4150 parte
1676 4087 1904 4131 aversa
1947 4067 2127 4143 tulit,
2175 4049 2323 4129 cum
2369 4067 2514 4128 Mo·

1011 4171 1244 4234 rellins
1285 4168 1509 4252 iniquo
1547 4168 1822 4233 consilio
1864 4168 2106 4231 anticas
2143 4166 2226 4230 ab
2265 4167 2508 4232 aversis

1008 4272 1372 4348 avelleret,
1432 4270 1573 4354 ipse
1618 4291 1782 4335 vero
1823 4268 2064 4333 Gorins
2099 4266 2507 4353 Schlegejii.

1012 4387 1084 4436 et
1140 4371 1576 4455 Havercampi
1635 4372 1945 4454 exemplo
2002 4372 2283 4448 anticas,
2348 4392 2506 4455 quas

1013 4472 1277 4536 fortuna
1311 4474 1553 4556 primas
1591 4472 1862 4548 obtulit,
1914 4485 2169 4535 temere
2213 4470 2507 4555 partibus

1016 4575 1262 4639 aversis
1317 4571 1604 4638 adfinxit.
1684 4573 1926 4658 Capitis
1977 4572 2506 4659 inscriptionem,

1085 4785 1146 4854 ι)
1186 4780 1256 4837 Τ.
1277 4778 1346 4835 ll.
1373 4798 1439 4857 Ρ.
1459 4788 1581 4843 313·

2634 2262 2824 2324 qnam
2882 2251 3010 2327 ego
3074 2243 3422 2327 proposui,
3491 2241 3780 2307 offerunt
3846 2243 4135 2327 quinque

2634 2343 2814 2405 numi
2857 2343 3270 2430 integerrimi
3314 2331 3915 2422 nannetensem-ei,
3965 2364 4134 2430 qnae

2635 2465 2783 2507 cum
2828 2446 3299 2530 Vespasianum
3358 2446 3549 2509 COS.
3601 2450 3714 2511 111.
3772 2445 3976 2522 dicat,
4042 2446 4138 2506 in-

2634 2545 2808 2609 victe
2845 2549 3094 2630 arguit,
3140 2568 3372 2613 numos
3415 2555 3794 2631 praesentes
3834 2547 4020 2625 hnic,
4068 2561 4137 2610 et
4183 2556 4189 2560 ’

2639 2647 2808 2708 nulli
2848 2647 3040 2738 alteri
3073 2669 3242 2711 anno
3281 2648 3536 2714 deberi.

2765 2749 2852 2810 At
2895 2769 3056 2813 vero
3102 2748 3341 2828 justum
3382 2749 3721 2813 dissidium
3766 2763 3867 2814 est
3902 2752 3977 2813 in
4026 2772 4135 2814 ex·

2634 2847 2877 2931 plicatu
2925 2870 3213 2915 aversae.
3288 2851 3676 2942 Vaillantins
3734 2852 4127 2937 epigraphes

2635 2949 2989 3013 lectionem
3058 2970 3140 3012 ex
3204 2965 3390 3035 parte
3445 2954 3627 3015 numi
3687 2953 4129 3030 sinisteriore,

2631 3051 2768 3115 sive
2816 3051 3120 3116 orientali
3166 3054 3460 3130 inchoat,
3524 3054 3795 3138 ejusque
3839 3070 4125 3140 partem.

2625 3150 2805 3217 IMP.
2849 3153 3053 3223 AVG.
3098 3155 3203 3218 F.
3225 3155 3413 3218 COS.
3446 3156 3654 3250 DES.
3697 3159 3805 3218 ΙΤ.
3853 3157 4125 3221 adstanti

2631 3254 2868 3319 eodem
2924 3257 3079 3318 loco
3132 3254 3421 3338 figurae,
3480 3279 3669 3343 qnam
3732 3257 3957 3322 Titum
3988 3279 4124 3343 Ριι-

2633 3370 2757 3433 tat,
2806 3358 3127 3440 applicat3
3174 3358 3501 3442 reliquam
3542 3359 3937 3445 epigraphes
3983 3381 4125 3444 par·

2629 3469 2804 3533 tem,
2867 3478 3031 3543 quae
3077 3456 3160 3522 ad
3203 3459 3575 3540 dexteram,
3640 3463 3778 3525 sive
3823 3462 4121 3526 occiden-

2628 3569 2763 3618 tem
2800 3557 3070 3639 incipit,
3112 3558 3458 3623 nimirum:
3504 3563 3751 3629 CAES.
3797 3564 4003 3629 AVG.
4047 3565 4122 3627 F.

2622 3658 2856 3733 DES.,
2888 3657 2971 3721 ad
3004 3645 3361 3725 adstantem
3393 3664 3571 3745 juxta
3604 3662 3915 3747 figuram,
3960 3688 4120 3751 quae

2624 3760 3032 3825 Domitianus
3074 3763 3200 3846 ipsi
3242 3777 3379 3841 est,
3425 3765 3654 3830 refert.
3727 3767 3932 3831 Causa
3972 3788 4121 3851 pro·

2623 3860 2890 3940 babilis,
2943 3884 3060 3926 cur
3104 3865 3296 3928 aliter
3341 3866 3686 3950 capiendas
3733 3865 4011 3952 figuras,
4054 3881 4121 3932 et

2578 4011 2586 4019 .
2626 3963 2819 4024 aliter
2863 3964 3244 4030 ordiendam
3286 3967 3778 4052 inscriptionem
3827 3967 4119 4045 duxerit,

2625 4063 2751 4146 ipsi
2797 4064 2928 4129 visa
2973 4067 3207 4143 suerit,
3273 4068 3447 4153 quod
3491 4070 3702 4152 figura
3752 4070 4118 4135 sinisterior

2627 4163 3106 4235 diciturCOS.
3152 4169 3346 4234 DES.
3393 4171 3541 4247 1T.‚
3604 4190 3802 4254 quem
3855 4171 4115 4236 titnlnm

2625 4268 2739 4329 nni
2780 4268 3049 4351 putabat
3090 4270 3243 4335 Tito
3284 4288 3478 4355 posse
3523 4253 3943 4367 pompetere}
4006 4274 4118 4356 qni

2622 4389 2860 4434 revera
2918 4392 3085 4435 anno
3149 4371 3442 4458 proxime
3503 4387 3821 4456 sequente
3883 4374 4115 4437 consul

2623 4472 2703 4534 11.
2756 4473 3097 4555 processit.
3185 4472 3390 4538 Haesi
3442 4473 3603 4536 olim
3657 4475 3726 4536 in
3779 4475 4112 4542 Vaillantii

2623 4561 2977 4650 sententia,
3022 4587 3109 4640 et,
3133 4574 3487 4638 secundnm
3526 4575 3694 4639 hanc
3732 4588 4115 4660 praesentes
