4509 5584
1526 499 1993 619 nnvsvs
2062 541 2514 618 ivmon.

450 712 737 775 hrenum
764 730 916 775 eum
935 707 1346 795 pontificem,
1380 730 1733 795 augurem,
1759 715 1957 776 soda-

457 821 587 877 lem
623 814 1076 897 Augustulo-m
1100 825 1291 876 vocat
1320 814 1404 897 ⁸).

1195 912 1235 952 ῃ

980 960 1024 996 ἃ

744 1016 1117 1083 DRVSVS.
1196 960 1564 1081 CAESaeAR·
1631 1017 1743 1079 1¹1.
1805 1016 1960 1084 AV·

743 1117 1030 1183 GVSTI.
1105 1118 1181 1178 F.
1261 1119 1405 1181 ΤΒ.
1460 1116 1667 1182 ΡΟΤ.
1723 1118 1954 1179 ΙΤΕΒ.

745 1225 819 1282 in
853 1222 1106 1281 medio:
1138 1218 1205 1282 S.
1239 1218 1312 1281 C.
1514 1297 1521 1302 ,

460 1321 804 1385 PIETAS.
850 1323 1063 1401 Caput
1100 1321 1417 1383 muliebre
1451 1320 1768 1386 velatum.

468 1427 545 1485 11.
592 1426 790 1505 (Mus.
822 1422 1044 1500 Caes.)

590 1527 807 1606 Supra
852 1524 922 1584 iu
964 1521 1177 1585 numis
1215 1521 1442 1583 Liviae
1477 1517 1834 1586 verisimile
1870 1518 1961 1580 di-

467 1626 568 1700 xi,
621 1625 833 1708 capite
869 1644 1138 1690 aversae
1165 1622 1448 1706 proponi
1470 1623 1723 1685 Liviam
1758 1621 1963 1683 Drusi

466 1726 710 1803 aviam,
766 1747 898 1811 quo
942 1727 1103 1790 loco
1142 1725 1293 1790 vide
1341 1739 1411 1789 et
1453 1725 1746 1811 reliqna,
1794 1746 1959 1810 quae

466 1827 553 1893 ud
624 1827 990 1915 praesentis
1050 1826 1238 1894 numi
1293 1825 1692 1915 explicatum
1759 1825 1966 1914 perti-

463 1943 644 1996 nent·

1816 1322 1954 1384 ΑΕ.

823 2166 1036 2233 Numi
1077 2168 1607 2233 restitutionum.

588 2336 695 2400 De
750 2333 854 2397 his
912 2333 1167 2420 egimus
1222 2331 1377 2410 vol.
1419 2331 1503 2404 v.
1558 2333 1631 2396 in
1681 2313 1975 2399 tractatu

465 2436 799 2532 singulari.

723 2655 934 2723 Numi
963 2657 1316 2722 commotis
1338 2656 1703 2738 peregrini·

462 2815 672 2890 Nunti
726 2822 1014 2890 Graeci.-

595 2946 870 3006 Exstaut
905 2941 1095 3006 aenei
1120 2944 1198 3005 11.
1220 2940 1474 3004 formae
1506 2937 1751 3024 absque
1782 2957 1965 3001 men-

469 3046 649 3108 tione
682 3044 897 3122 urbis,
943 3043 1231 3108 fabricae
1272 3041 1622 3116 barbarae,
1675 3040 1743 3101 in
1777 3041 1962 3124 cujus

469 3145 902 3211 describenda
963 3165 1195 3210 eversa
1255 3144 1633 3228 conspirant
1697 3161 1963 3219 omnes,

470 3269 1546 3415 neu'·I?Iel3.1*E¹.P.KAIEAPEZ.
1591 3345 1748 3408 Duo
1783 3348 1962 3430 ecepi-

466 3465 539 3513 ta
576 3454 758 3513 nuda
787 3474 858 3512 se
889 3451 1337 3528 respicientia.

595 3554 848 3620 Verum
889 3571 1041 3634 pars
1094 3547 1368 3614 adversa
1414 3548 1658 3612 misere
1694 3546 1774 3612 ab
1801 3547 1960 3611 anti·

470 3653 713 3739 quat-iis
775 3665 1158 3736 torquetur,
1215 3671 1494 3735 quorum
1546 3650 1759 3717 *varias
1819 3668 1964 3714 seu·

466 3756 700 3820 tenti-ss
732 3753 958 3818 audire
996 3771 1203 3834 opere
1233 3752 1540 3832 pretium.

666 3850 1136 3916 ΔΡΟΤΣΟΣ.
1151 3846 1533 3914 ΚΑΙΣΑΡ.
1551 3845 1964 3915 ΑΤΓΟΤΣ-

666 3955 730 4018 Τ
733 3951 878 4021 OT
930 3946 1181 4018 ΤΙΟΣ.
1277 3955 1494 4035 Caput
1546 3955 1964 4030 laureatum,

658 4057 821 4120 hinc
850 4055 1066 4120 lituus
1084 4100 1102 4131 ,
1130 4052 1332 4118 minc
1366 4054 1744 4135 slmpulum.

592 4163 687 4224 Its
764 4178 1036 4220 numum
1095 4155 1271 4219 bunc
1332 4153 1678 4239 descripsit
1717 4152 1967 4218 Morel·

468 4262 595 4323 lius
632 4258 738 4341 b),
808 4258 1235 4343 censuitque,
1315 4256 1615 4322 exhiberi
1673 4257 1963 4318 Drusum

463 4363 829 4439 seniorem,
916 4374 986 4424 et
1030 4360 1101 4421 iu
1155 4380 1382 4426 aversa
1443 4358 1781 4424 Tiberium
1837 4357 1966 4423 fru-

534 4522 597 4589 a)
638 4519 726 4573 De
762 4515 892 4574 Col.
919 4517 1077 4590 Traj.
1109 4537 1170 4593 p.
1191 4530 1281 4590 90.

461 4605 530 4679 d)
569 4607 634 4667 B.
660 4606 727 4665 L.
750 4608 821 4665 Τ.
839 4604 1161 4669 XXXVIII.
1192 4607 1329 4665 hist.
1361 4607 1422 4682 p.
1445 4619 1564 4678 190.

455 4699 523 4774 s)
561 4716 622 4774 P·
642 4705 768 4771 8³9·

452 4787 523 4859 k)
565 4784 747 4844 Goth.
777 4803 940 4844 num.
970 4806 1034 4864 p.
1053 4796 1179 4853 302.

2062 4055 2552 4139 spanhemius,
2626 4071 2693 4119 et
2758 4056 3070 4122 Liebeus.

1448 4515 1519 4589 b)
1560 4497 1823 4593 Specim.
1851 4535 1913 4593 p.
1934 4525 2057 4579 155.

1840 4609 1903 4679 e)
1943 4604 2022 4662 ad
2055 4603 2201 4665 Plin.
2230 4605 2303 4666 T.
2323 4606 2367 4665 1.
2397 4625 2457 4684 p.
2477 4616 2603 4678 729.

1064 4696 1137 4769 h)
1174 4696 1351 4756 Num.
1379 4694 1596 4756 Graec.
1624 4695 1784 4756 Sect.
1807 4694 1884 4764 11.
1911 4693 2033 4760 tab.
2053 4705 2104 4762 3.

2070 726 2278 789 trem,
2369 726 2439 776 et
2513 709 2976 775 Germanicum
3050 711 3255 775 Drusi
3334 715 3566 783 filium.

2067 813 2444 877 Delineavit
2485 834 2753 876 numum
2805 833 2888 875 ex
2932 833 3160 876 museo
3208 817 3387 898 regis
3422 818 3574 883 Gal.

1950 968 1954 972 .
2068 914 2324 989 liarum.
2389 916 2615 980 Serius
2662 918 2945 978 eundem
2993 916 3278 978 restituit
3311 937 3394 979 ex
3433 939 3571 980 mu-

2071 1035 2185 1078 seo
2231 1015 2819 1100 Schwarzburgico
2852 1020 2936 1099 c).
3002 1015 3295 1078 Eandem
3345 1017 3570 1082 lectio-

2069 1138 2224 1180 nem
2299 1116 2611 1200 Bellcyus
2689 1139 2773 1181 ex
2845 1139 3044 1182 numo
3120 1119 3568 1184 Pelleriniano

2074 1217 2514 1302 promulgavit
2543 1219 2632 1302 d).
3039 1287 3046 1295 ,

2160 1321 2179 1342 ⁸
2201 1314 2577 1404 Harduinus
2607 1320 3016 1403 epigraphen
3050 1319 3299 1382 anticae
3337 1342 3418 1382 ex
3458 1344 3572 1384 nu-

2078 1441 2189 1482 mo
2218 1421 2396 1504 regis
2433 1422 2788 1485 Galliarum
2826 1419 3060 1481 eodem
3096 1420 3292 1484 modo
3331 1422 3577 1487 descri-

2079 1523 2205 1597 bit,
2253 1536 2322 1584 ut
2365 1523 2436 1582 in
2483 1524 2693 1605 capite
2736 1522 2982 1585 anticae
3035 1523 3321 1584 Drusum
3365 1523 3575 1606 junio·

2080 1643 2260 1698 r,em
2309 1623 2373 1683 in
2409 1623 2656 1707 postica
2680 1623 2974 1705 ejusdem
3013 1624 3213 1684 Drusi
3250 1627 3573 1724 gemellos

2081 1723 2460 1803 Tiberium,
2531 1737 2630 1802 et,
2685 1737 2758 1786 ut
2808 1724 2950 1807 ipse
3010 1723 3288 1786 alterum
3339 1745 3580 1811 anony-

2074 1843 2257 1888 mum
2285 1826 2610 1910 appellat,
2660 1825 3125 1896 Germanicum
3154 1825 3335 1893 videt
3364 1830 3448 1919 ξ).

2271 1921 2738 1991 ΔΡΟΤΣΟΣ.
2757 1920 2991 1988 ΚΑῙΣ
3000 1925 3142 1993 ΑΡ.
3164 1922 3349 1988 ΑΤΓ
3355 1921 3577 1988 01⁴2-

2263 2021 2480 2091 ΤΟΣ.
2539 2027 2759 2108 &pus
2791 2031 2985 2091 idem-

2200 2126 2591 2194 Vaillantius
2619 2128 2719 2189 his
2749 2128 2967 2193 verbis
2996 2127 3278 2193 eundem
3307 2151 3576 2194 numum

2074 2224 2427 2303 describit,
2461 2242 2531 2291 et
2566 2243 2758 2312 caput
2784 2231 3034 2295 amicae
3073 2252 3219 2295 esse
3252 2232 3455 2294 Drusi
3480 2232 3575 2315 ju·

2075 2327 2318 2405 nioris,
2363 2330 2652 2411 posticae
2685 2332 2895 2414 capit-a
2929 2331 3185 2394 Tiberii
3210 2334 3410 2396 Drusi
3433 2333 3577 2412 filii,

2004 2461 2013 2472 =
2076 2441 2148 2493 et
2200 2429 2577 2494 Germanici
2632 2430 2878 2495 adserit
2927 2432 3003 2514 ί).
3081 2432 3337 2498 Eodem
3377 2434 3577 2499 modo

2075 2531 2259 2592 numi
2321 2533 2551 2595 similis
2611 2534 3064 2618 epigraphen
3084 2535 3287 2600 effert
3337 2539 3578 2600 Petrus

2077 2631 2294 2695 Fundi
2341 2649 2570 2698 auctor
2611 2636 2821 2697 musei
2870 2636 3203 2720 Theupoli
3249 2640 3346 2719 s),
3394 2651 3467 2699 ut
3505 2651 3576 2700 et

2078 2734 2435 2818 Arigonius
2477 2735 2581 2817 h),
2625 2736 2744 2799 sed
2777 2751 3029 2801 certum
3082 2738 3382 2816 videtur,
3444 2762 3579 2802 um·

2076 2831 2199 2897 bos
2282 2836 2467 2899 nullo
2533 2835 2830 2903 adhibito
2896 2838 3169 2903 criterio
3243 2841 3580 2908 Vaillantii

2047 2959 2053 2972 ·
2077 2938 2504 3017 praeconium
2544 2953 2826 3004 secutos.

2207 3040 2371 3100 Tam
2436 3039 2765 3118 Morellii,
2841 3057 3033 3124 quum
3089 3037 3425 3106 Vuillantii
3483 3041 3579 3104 le·-

2079 3139 2211 3202 ctio
2247 3139 2395 3222 jure
2449 3141 2749 3225 suspecta
2787 3142 2920 3206 viss
2962 3154 3066 3204 est
3102 3161 3338 3226 magno
3375 3143 3578 3227 Span-

2077 3239 2339 3318 hemio‚
2390 3244 2484 3306 sic
2517 3256 2622 3317 ut,
2677 3242 2761 3306 ad
2810 3255 3026 3305 utrum
3070 3245 3359 3307 Drusum
3404 3243 3580 3309 refe·

2076 3343 2324 3405 rendus
2373 3345 2457 3406 sit
2507 3366 2740 3409 numus
2764 3390 2782 3423 ,
2850 3343 3164 3408 decidere
3205 3361 3575 3424 vereretur,

2076 3445 2201 3507 etsi
2261 3446 2559 3509 nonnihil
2607 3448 2676 3509 in
2725 3446 3056 3511 seniorem
3103 3429 3451 3512 inclinaret
3505 3446 3577 3531 i),

2075 3565 2358 3630 eumque
2404 3546 2550 3612 fere
2603 3550 2903 3637 sequitur
2946 3548 3238 3623 Liebeus
3277 3551 3574 3633 ejusdem

2077 3650 2262 3710 numi
2294 3649 2493 3714 index
2523 3649 2613 3734 k),

2205 3753 2428 3816 Meam
2454 3755 2565 3839 qui
2593 3753 2678 3817 de
2709 3753 2840 3816 hoc
2875 3771 3075 3816 numo
3102 3753 3402 3838 requiret
3430 3774 3576 3818 sen-

2026 3813 2382 3933 nentium,
2464 3854 2559 3918 sic
2622 3853 2896 3932 habeto,
2973 3874 3334 3940 quanquam
3407 3876 3573 3940 quae

2077 3951 2371 4018 dicturus
2445 3978 2628 4034 sum,
2712 3958 2839 4040 jam
2902 3954 3050 4020 fere
3110 3957 3577 4043 praeceperint

3192 4058 3571 4143 Epigraphe

2074 4156 2262 4218 numi
2305 4160 2397 4235 L,
2444 4158 2499 4220 si
2547 4157 2632 4220 de
2666 4159 2888 4221 Druso
2939 4159 3203 4222 seniore
3248 4160 3574 4242 capiatur,

2075 4267 2420 4341 repugnat
2460 4257 2617 4321 fidei
2679 4258 2966 4322 omnium
3023 4272 3152 4322 tam
3196 4279 3576 4324 mouumen-

2075 4371 2330 4436 torum,
2407 4380 2599 4443 quum
2669 4359 3171 4437 historicorum3
3240 4381 3390 4425 nam
3441 4364 3574 4448 pri·

2220 4518 2285 4586 c)
2325 4515 2518 4591 Impp.
2553 4513 2766 4571 domus
2793 4513 3043 4590 August.
3071 4513 3367 4574 Tab.VII.
3399 4528 3568 4593 μυ.

2881 4604 2938 4676 s)
2976 4603 3151 4662 Num.
3184 4603 3398 4672 Graec.
3429 4627 3491 4684 p.
3513 4619 3567 4680 9.

2402 4696 2452 4769 i)
2494 4693 2569 4753 de
2603 4705 2827 4774 preest.
2853 4712 3017 4753 uum.
3047 4695 3217 4755 Tom.
3245 4694 3321 4758 11.
3359 4715 3423 4774 p.
3441 4708 3564 4762 320»
3579 4713 3596 4740 —‘

3428 564 3569 631 20⁵
3689 533 3716 550 ”
