4509 5584
1420 544 2403 619 PRAEFATIO
3021 492 3032 509 ’
3337 552 3514 631 am

363 727 524 813 mis
559 724 703 830 iis,
765 752 974 839 quos
1010 722 1344 809 additae
1378 724 1861 807 museorum
1898 679 2145 806 notae
2190 720 2756 835 distinguunt,
2814 726 3044 841 signo
3086 728 3493 853 evidente,

318 882 502 948 ‘eos
543 892 596 955 a
632 862 1016 947 Morellio
1057 889 1168 947 ex
1203 859 1736 972 archetypis
1709 860 1908 972 lpsis
1951 872 2232 977 captos
2249 922 2277 968 ‚
2333 848 3028 977 delineatosque‚
3057 895 3335 981 neque
3380 896 3489 957 ex

357 999 741 1105 incertis,
797 998 1371 1113 suspectisque
1407 997 1774 1083 fontibus
1812 996 2069 1083 fuisse
2103 997 2428 1109 petitos,

535 1140 955 1223 Hactenus
1000 1134 1106 1220 de
1142 1146 1533 1221 monetae
1568 1136 2047 1248 Augusteae
2088 1133 2295 1243 fide,
2327 1137 2788 1257 praecipua
2834 1165 3035 1223 sane
3090 1112 3285 1225 artis
3333 1168 3489 1226 nu·
3569 1123 3579 1131 ’

359 1273 880 1362 mismaticae
913 1258 1187 1388 parte,
1246 1269 1829 1358 disseruimus
1889 1271 2331 1386 Agendum
2371 1275 2628 1359 etiam
2674 1274 2778 1360 de
2821 1302 3113 1360 eorum
3164 1270 3493 1385 merito,

360 1441 731 1528 quorum
778 1438 1029 1526 opera
1080 1411 1173 1496 in
1225 1384 1369 1495 illa
1418 1390 1949 1520 illustranda,
1984 1404 2674 1526 explicandaque
2720 1426 3046 1499 versata
3095 1427 3238 1499 est.
3317 1414 3485 1499 Has

360 1550 710 1664 quidem
756 1561 1032 1664 partes
1080 1549 1253 1666 jam
1307 1545 1715 1660 occupavi
1762 1544 1857 1632 in
1911 1547 2439 1662 generalibus
2490 1547 2597 1632 ad
2645 1548 2807 1637 hoc
2848 1579 3054 1663 opus
3093 1550 3484 1664 Prolego-

358 1687 632 1773 menis
673 1693 855 1773 toto
890 1684 1167 1801 'capite
1199 1683 1499 1795 XXII„
1533 1699 1821 1772 tamen
1855 1683 2015 1769 hoc
2056 1685 2242 1771 loco
2278 1686 2677 1773 nonnulla
2715 1687 3104 1800 privatim
3143 1716 3489 1773 monen-

359 1825 473 1909 da
519 1837 851 1910 restant.
922 1817 1405 1906 Generatim
1449 1846 1621 1903 non
1668 1818 1829 1907 nisi
1876 1837 2125 1908 caute
2174 1822 2588 1908 utendum
2630 1819 3080 1923 veteribus,
3100 1819 3296 1907 artis
3343 1848 3492 1905 no-

358 1977 585 2049 strae
630 1957 1039 2075 magistris
1057 2024 1082 2064 ‚
1134 1968 1269 2041 ut:
1347 1952 1747 2043 Tristano
1766 2013 1790 2048 ‚
1866 1958 2369 2072 Spanhemio
2389 2025 2420 2069 ,
2483 1961 2801 2073 Begero
2823 2019 2851 2063 ‚
2885 2066 2892 2073 ί
2922 1983 3283 2072 quorum
3335 1959 3490 2042 etsi

356 2083 869 2187 incredibilis
905 2094 1067 2180 fuit
1107 2090 1463 2177 eruditio
1482 2160 1507 2201 ,
1554 2105 1835 2180 tamen
1874 2097 2130 2193 nimia
2165 2098 2513 2183 facilitas
2548 2094 2851 2209 partim
2889 2093 2980 2179 in
3022 2094 3491 2207 adproban-

361 2237 490 2321 dis
530 2235 852 2343 nuruis,
906 2231 1051 2346 qui
1090 2230 1351 2344 spurii
1396 2243 1639 2339 sunt,
1681 2247 1829 2320 aut
1868 2233 2161 2320 saltem
2199 2235 2385 2352 jure
2425 2233 2792 2347 suspecti
2810 2288 2844 2340 .,
2882 2230 3310 2348 partimin
3344 2260 3482 2319 re-

359 2371 763 2487 cipiendis
807 2370 967 2457 illis
1007 2397 1111 2453 eo
1144 2365 1440 2477 modo,
1484 2395 1650 2481 quo
1698 2372 1805 2453 ab
1856 2370 2034 2456 aliis
2075 2372 2452 2485 vulgatos
2500 2383 2989 2484 repererunt
3002 2434 3032 2479 ‚
3082 2396 3280 2456 cum
3324 2400 3494 2456 non

358 2534 869 2629 magnopere
910 2506 1003 2591 in
1048 2532 1346 2593 verum
1403 2532 1856 2619 numorurn
1913 2521 2224 2594 statum
2277 2520 2663 2615 curarent
2713 2507 3157 2622 inquirere.
3249 2516 3485 2620 Quae

354 2650 674 2733 fuerint
709 2645 871 2729 alia
909 2671 1201 2728 eorum
1233 2655 1381 2727 aut
1414 2642 1616 2728 vitia
1633 2704 1665 2750 ,
1711 2657 1860 2730 aut
1895 2645 2148 2730 etiam
2178 2645 2529 2731 illustria
2565 2645 2861 2731 merita
2878 2714 2905 2755 ‚
2957 2658 3142 2731 tum
3188 2658 3274 2731 et
3304 2646 3486 2728 illo-

356 2813 592 2887 111111,
644 2782 789 2898 qui
827 2780 980 2866 hos
1020 2778 1289 2864 secuti
1325 2791 1560 2889 sunt,
1606 2777 1698 2865 in
1737 2780 2037 2867 iisdem
2074 2782 2692 2898 Prolegomenis
2744 2781 3238 2896 compendio
3292 2779 3486 2866 dixi.

358 2923 457 3008 111
491 2922 724 3008 huuc
762 2932 1049 3006 tamen
1075 2917 1364 3001 locum
1397 2918 1817 3004 reservavi
1858 2918 2269 3035 judicium
2327 2920 2433 3006 de
2482 2919 2776 3033 amplis
2835 2919 3480 3024 commentariis,

360 3089 572 3174 quos
623 3056 732 3142 ad
784 3052 1314 3170 explicandas
1375 3054 1704 3141 tabulas
1749 3053 2109 3142 Morellii
2167 3056 2614 3144 duodecim
2673 3057 3270 3170 imperatorum
3331 3045 3491 3143 nu-

364 3226 547 3282 mos
603 3188 1078 3308 complexas
1096 3259 1121 3302 ‚
1195 3190 1304 3279 de
1353 3192 1657 3306 quibus
1704 3193 1993 3352 paullo
2035 3194 2282 3280 altius
2330 3194 2656 3310 egimus
2674 3258 2708 3302 .,
2771 3193 3243 3280 elucubrati
3291 3209 3490 3280 sunt

356 3331 616 3422 Illviri
670 3330 954 3445 magni
996 3328 1104 3412 ab
1166 3327 1634 3415 eruditione
1680 3331 2036 3418 nominis
2084 3331 2599 3423 Christianus
2644 3329 3210 3447 SchlegeliuS‚
3257 3333 3487 3446 Sige

344 3475 653 3583 ‚bertus
691 3468 1361 3581 Havercamptxs,
1407 3482 1495 3555 et
1535 3467 1825 3555 Franc.
1864 3473 2051 3556 Ant,
2091 3471 2411 3557 Gorius.
2485 3472 2803 3557 Horum
2844 3469 3188 3583 primae
3205 3483 3479 3581 partes

360 3638 563 3695 cum
602 3620 922 3715 essent,
978 3604 1082 3690 de
1123 3606 1637 3720 singulorum
1679 3635 2128 3693 numorum
2166 3609 2331 3693 fide
2381 3622 2647 3695 certos
2698 3637 2848 3717 nos
2896 3607 3292 3717 reddere,
3343 3637 3492 3691 ne·

358 3748 633 3861 glecta
670 3773 771 3831 ea
821 3772 1027 3831 cura
1070 3743 1443 3856 amplum
1489 3744 1731 3830 nobis
1777 3745 2448 3832 testimoniorum
2494 3756 2981 3859 apparatum
3002 3808 3035 3852 .,
3087 3743 3486 3831 nimirum

355 3897 737 3979 veterem
780 3882 1283 3978 cantilenam
1325 3866 1568 3968 toties
1608 3881 1715 3967 ad
1750 3882 2177 3970 fastidium
2221 3882 2594 4003 auditam
2611 3945 2639 3991 ‚
2691 3882 3192 3993 obtrudunt,
3253 3894 3339 3968 et
3383 3911 3492 3967 ne

358 4022 623 4109 nescii
659 4014 1131 4129 videantur,
1170 4020 1265 4105 in
1312 4048 1674 4136 quorum
1717 4022 2105 4134 operibus
2143 4021 2627 4107 nidnlentur
2663 4021 2903 4107 numi
2943 4020 3274 4134 singuli,
3324 4020 3491 4141 pri-

359 4189 598 4246 mum
635 4158 1167 4247 Goltzianam
1204 4185 1575 4245 mercem
1612 4170 1909 4272 quater
1939 4158 2177 4244 nobis
2220 4158 2699 4269 obtmd1mt‚
2754 4186 2862 4242 ex
2900 4157 3231 4243 Goltzio
3273 4159 3491 4271 ipso,

362 4298 671 4386 deinde
716 4324 829 4381 ex
870 4295 1179 4385 Nonnii
1221 4295 1706 4399 collectione
1726 4358 1753 4404 .,
1774 4330 1798 4346 ·
1814 4307 2000 4381 tum
2049 4323 2158 4379 ex
2202 4295 2638 4383 Vaillantio
2661 4359 2688 4405 ,
2747 4295 3103 4409 denique
3152 4322 3262 4379 ex
3301 4297 3490 4381 Mo-

358 4436 565 4531 rellii
613 4433 919 4523 numis
944 4433 1391 4541 restitutis3
1440 4432 1573 4517 his
1627 4433 2146 4552 conjungunt
2204 4433 2404 4520 artis
2465 4447 2797 4521 nostrae
2854 4445 3181 4543 atavos,
3239 4400 3485 4520 Eriz-

338 4604 603 4685 zum,
652 4575 1127 4680 octonem,
1160 4570 1768 4680 Hemelarium,
1780 4570 2353 4680 Oudaanum‚
2411 4571 2826 4687 aliosque,
2883 4600 3090 4686 quos
3138 4604 3308 4660 non
3342 4604 3487 4661 va-

344 4716 491 4804 des
530 4712 939 4817 idoueoS‚
1012 4707 1156 4794 sed
1204 4735 1439 4795 serva
1486 4638 1794 4798 Goltzii
1848 4736 2152 4824 pecora
2202 4708 2474 4823 aptius
2528 4708 3090 4825 appellaveris.
3174 4710 3484 4797 Verum

2881 4852 3025 4939 οἳ
