4509 5584
1435 517 1674 591 sex
1738 512 2354 592 romrmvs.
3364 548 3454 612 32

325 689 469 756 EX.
508 690 577 754 S.
606 685 680 754 C.
732 688 951 775 Caput
988 687 1237 753 nudum
1269 688 1565 773 Pompeji
1592 691 1834 773 patris,

320 814 501 876 pone
539 793 787 869 lituus,
832 793 947 857 cui
979 792 1326 855 adversum
1364 802 1464 852 est
1501 803 1704 872 caput
1739 792 1838 852 al-

334 908 556 957 terum
611 895 861 957 nudum
915 894 1170 955 modice
1226 892 1621 969 barbatum,
1657 912 1836 974 pone

337 998 580 1075 tripus.
624 996 773 1063 AV.
809 997 1010 1077 (Mus.
1045 993 1269 1078 Caes.)

374 1134 383 1139 -
669 1097 925 1163 Eadem
962 1095 1337 1179 epigraphe.
1400 1096 1615 1179 Caput
1650 1097 1841 1159 Pom-

666 1198 803 1280 peji
826 1201 1047 1280 patris
1080 1198 1348 1259 nudum.
1666 1200 1671 1205 ’

338 1300 598 1363 Eadem
634 1298 1010 1381 epigraphe.
1061 1299 1303 1381 Capita
1338 1299 1471 1360 duo
1508 1298 1688 1362 nuda
1726 1302 1840 1377 ad·

334 1422 534 1464 versa
548 1445 567 1477 ,
633 1421 914 1483 quorum
966 1402 1246 1463 dextero
1304 1401 1704 1485 adsumitur
1758 1401 1841 1462 li-

336 1517 531 1582 tuus,
572 1505 851 1566 sinistro
882 1511 1139 1585 guttas.
1182 1498 1328 1568 AV.
1363 1501 1601 1580 (Liebe
1637 1501 1835 1567 Goth.

337 1627 519 1668 num.
554 1626 619 1688 p.
648 1605 788 1686 ao.)
1414 1680 1423 1685 -

464 1708 750 1768 Numum
795 1696 879 1768 ex'
920 1702 1022 1766 his
1064 1703 1347 1788 primum
1403 1703 1562 1767 olim
1620 1703 1831 1782 edidi,

331 1823 401 1870 et
444 1797 696 1890 pictum
741 1806 875 1869 stiti
919 1808 1016 1887 ⁸),
1071 1806 1141 1867 in
1193 1826 1322 1891 quo
1372 1828 1598 1870 veram
1654 1807 1833 1869 exhi-

327 1908 486 1972 beri
529 1908 717 1971 Sexti
768 1905 1061 1991 effigiem
1104 1906 1461 1972 verisimile
1506 1922 1642 1986 est,
1705 1909 1830 1971 etsi

326 2011 731 2074 lineamenta
770 2010 1046 2072 multum
1084 2008 1393 2073 differant
1431 2033 1467 2073 a
1511 2008 1827 2092 capitibus

325 2133 683 2176 numorum
736 2111 1185 2197 sequentium,
1258 2111 1327 2172 iu
1384 2109 1616 2195 quibus
1675 2132 1828 2195 pro-

323 2214 553 2278 babile
595 2214 755 2277 item
796 2226 928 2290 est,
971 2228 1043 2276 ut
1087 2213 1374 2290 dicetur,
1421 2212 1561 2295 ejus
1595 2211 1827 2277 offerri

318 2316 704 2400 imaginem.
789 2315 989 2377 Numi
1061 2317 1142 2382 11.
1217 2329 1286 2378 et
1358 2317 1469 2380 111.
1550 2317 1825 2377 multum

324 2416 669 2482 facessunt
751 2417 1115 2480 molestiae.
1213 2417 1408 2479 Mitto
1487 2415 1851 2481 brevitatis·

326 2542 561 2597 causa,
622 2504 788 2604 quae
845 2517 1087 2581 eruditi
1128 2517 1291 2584 varii
1333 2516 1415 2581 ad
1460 2538 1574 2580 eos
1618 2520 1847 2603 expli-⁶

329 2621 579 2685 candos
633 2620 1012 2703 protulere,
1075 2634 1143 2683 et
1201 2640 1310 2697 ea,
1377 2642 1540 2705 quae
1600 2621 1828 2683 verisi-

330 2722 513 2785 milia
568 2721 907 2798 videntur,
969 2722 1183 2785 solum
1240 2743 1619 2805 persequar.
1710 2723 1828 2785 Ca·

328 2823 756 2908 put-anticae
812 2824 991 2886 numi
1034 2826 1116 2885 11.
1172 2845 1317 2887 esse
1363 2825 1565 2907 ipsius
1611 2822 1827 2902 Sexti,

333 2925 556 2989 omnia
655 2923 1072 3009 persuadent.
1187 2925 1470 2988 Barbam
1567 2927 1829 2989 modice

331 3027 659 3112 promittit
712 3042 900 3090 sueto
955 3028 1094 3111 ejus
1137 3028 1362 3090 aetatis
1409 3027 1616 3102 cultu3
1678 3048 1829 3090 nam

333 3150 480 3193 eam
536 3128 838 3191 aluerunt
894 3129 1089 3192 etiam
1143 3130 1374 3193 saltem
1432 3128 1828 3214 aliquamdiu

330 3230 761 3306 Octavianus,
826 3232 919 3290 M.
962 3230 1316 3308 Antonius,
1376 3233 1655 3306 Brutus,
1718 3251 1840 3307 cu·=

326 3333 432 3414 jus
492 3352 684 3394 causa
737 3330 928 3393 fuere
983 3347 1093 3395 aut
1147 3333 1360 3396 luctus
1405 3333 1690 3416 privatus
1738 3334 1837 3396 ob-

327 3433 683 3497 violentam
728 3433 962 3517 patris,
1021 3448 1130 3497 aut
1171 3433 1607 3498 benefactoris
1652 3456 1835 3507 mors

324 3551 495 3613 tem,
552 3550 665 3600 aut
703 3526 1004 3619 publicus
1049 3536 1135 3599 ob
1179 3538 1349 3620 reip.
1394 3538 1820 3615 calamitates,

326 3653 399 3702 ut
435 3639 505 3701 in
540 3638 948 3722 singulorum
989 3638 1204 3702 numis
1249 3639 1688 3704 observamus.
1745 3645 1820 3702 ln

328 3743 535 3805 Sexto
587 3754 816 3803 nostro
872 3741 1149 3803 honesta
1200 3740 1497 3825 quidem,
1556 3743 1675 3806 sed
1732 3757 1822 3806 ta-

325 3865 482 3908 men
550 3843 865 3907 adfectata
933 3843 1288 3906 continuati
1352 3845 1566 3907 luctus
1630 3866 1819 3908 causa

326 3968 475 4011 esse
517 3947 729 4030 potuit
762 3944 1013 4008 bellum
1054 3964 1202 4007 cum
1235 3944 1594 4010 Octaviano
1629 3967 1822 4029 repe-

320 4050 553 4124 titum,
639 4047 824 4131 quasi
895 4047 1203 4109 nimirum
1274 4046 1512 4112 invitus
1590 4062 1820 4113 vetera

320 4151 487 4235 reip.
539 4149 820 4213 vulnera
874 4149 1192 4212 refricare
1245 4163 1620 4239 cogeretur.
1696 4152 1820 4214 Ea-

327 4253 476 4315 dem
533 4252 732 4315 etiam
795 4249 879 4314 de
935 4273 1123 4314 causa
1169 4250 1596 4314 Octavianum
1646 4252 1819 4317 ultra

328 4353 743 4439 praefinitum
788 4366 1045 4436 tempus
1092 4352 1468 4436 promisisse
1517 4352 1815 4431 barbam,

321 4457 385 4519 iu
428 4456 571 4540 ejus
616 4468 885 4519 moneta
927 4455 1009 4518 ad
1045 4478 1283 4519 annum
1317 4459 1399 4524 V.
1434 4458 1505 4521 C.
1538 4478 1664 4540 7¹7
1709 4477 1820 4520 ve-

320 4559 591 4625 risimile
651 4556 888 4622 dicam.
965 4559 1148 4623 Sexti
1202 4572 1395 4644 caput
1456 4559 1656 4623 ambit
1712 4579 1822 4622 co-

381 4795 443 4863 a)
484 4790 672 4847 Num.
703 4796 821 4861 yet.
855 4804 914 4860 p.
938 4797 1061 4849 312.

1122 4790 1135 4805 ’
1209 4786 1280 4858 ι.)
1302 4748 1435 4845 ’1)ῑο
1464 4778 1820 4845 L.XLV111.
1856 4789 1906 4861 §-
1929 4791 2015 4853 36.

1949 707 2111 751 rona
2155 707 2439 772 querna,
2501 708 2623 773 qua
2668 688 2931 773 quidem
2975 692 3120 775 jure
3168 694 3440 779 gloriari

1948 802 2239 874 poterat,
2322 786 2507 875 qu'od
2578 811 2653 853 ea
2728 807 3136 858 servatorum
3207 797 3449 863 civium

1950 891 2151 955 decus
2186 890 2401 954 habita
2436 886 2562 969 est,
2607 892 2749 976 ipse
2785 915 2950 960 vero
2986 897 3298 983 copiosis,
3336 902 3449 987 qui

1947 992 2445 1077 proscriptionis
2529 992 2661 1059 vim
2754 1013 3127 1087 evaserant,
3227 1003 3450 1086 perfu-
3515 1066 3522 1075 ,

1956 1094 2133 1176 gium
2164 1095 2495 1179 praebuit,
2529 1117 2808 1183 eosque,
2856 1119 3004 1162 cum
3038 1102 3323 1185 primum
3358 1105 3451 1169 fa-

1953 1196 2157 1259 cultas
2228 1196 2529 1291 dabatur,
2612 1220 2766 1262 cum
2835 1203 3083 1266 Illviris
3151 1208 3447 1270 reconci-

1951 1298 2164 1376 liavit,
2206 1299 2585 1384 patriaeque
2617 1300 2904 1364 reddidit
2932 1301 3021 1386 h).
3064 1307 3227 1369 Pars
3261 1330 3449 1371 aver·

1951 1421 2020 1463 sa
2072 1399 2154 1463 ad
2201 1402 2369 1463 latus
2417 1398 2763 1465 dexterum
2810 1404 3213 1471 luculentum
3261 1411 3445 1472 exhi-

1950 1499 2066 1563 bet
2121 1502 2425 1586 Pompeji
2481 1504 2681 1586 patris
2745 1519 2968 1589 caput,
3050 1523 3122 1572 ut
3174 1525 3439 1594 praeter

1950 1603 2288 1688 exemplar
2348 1607 2810 1669 Morellianum
2875 1607 3119 1672 docent
3186 1606 3435 1677 similes
3507 1642 3514 1647 ·

1948 1703 2078 1767 duo
2134 1706 2544 1789 integerrimi
2602 1708 2783 1770 numi
2845 1709 3053 1773 musei
3110 1713 3433 1787 Caesarei.

1942 1807 2127 1870 Pone
2173 1807 2543 1871 adstituitur
2584 1807 2836 1888 lituus,
2876 1790 3188 1895 quia'fuit
3217 1810 3439 1900 'augur

1945 1907 2222 1973 docente
2255 1909 2401 1993 ipso
2430 1911 2754 1974 Cicerone
2787 1913 2868 1997 ο).
2916 1913 3113 2007 Quod
3144 1914 3295 1979 huic
3328 1938 3441 2001 op-

1939 2012 2206 2096 ponitur
2254 2026 2482 2096 caput,
2532 2013 2890 2076 secundum
2936 2014 3290 2100 plerosque
3339 2033 3441 2082 est

1942 2114 2143 2177 Gnaei
2187 2113 2341 2190 filii,
2401 2115 2513 2197 qui
2554 2116 2738 2177 Sexti
2780 2116 2987 2180 frater
3029 2132 3182 2182 natu
3227 2121 3436 2203 major

1939 2214 2097 2292 fuit,
2159 2228 2226 2278 et
2278 2215 2345 2275 in
2397 2216 2744 2281 Mundensi
2796 2219 3048 2300 praelio
3101 2223 3439 2298 occubuit,

1939 2331 2131 2402 atque
2160 2339 2393 2382 verum
2425 2333 2496 2382 ut
2521 2320 2750 2397 fatear,
2779 2320 2961 2403 cujus
2985 2321 3256 2385 alterius
3287 2345 3433 2388 esse

1939 2420 2180 2504 possit,
2231 2420 2489 2503 ignoro.
2549 2421 2830 2485 Barbam
2875 2435 2947 2484 ut
2990 2426 3437 2505 promitteret,

1940 2522 2196 2605 impulit
2231 2524 2444 2607 luctus
2473 2524 2680 2606 patris
2713 2522 3072 2587 ulciscendi
3104 2546 3295 2589 causa
3330 2528 3439 2589 ad·-

1942 2638 2226 2688 vocatus.
2273 2626 2377 2688 De
2412 2624 2674 2708 tripode
2707 2645 2881 2708 pone
2922 2625 3063 2710 ejus
3095 2643 3288 2712 caput
3322 2651 3454 2713 pos

1944 2726 2069 2789 sito
2112 2739 2345 2810 agetur
2381 2729 2708 2790 continuo.
2979 2716 2988 2727 ’
3159 2716 3166 2721 ’
3327 2798 3336 2805 ,

2071 2831 2322 2889 Numus
2366 2832 2475 2892 ΠΙ.
2520 2842 2712 2913 caput
2751 2828 3054 2912 Pompeii
3106 2829 3307 2912 patris
3363 2832 3434 2892 in

1942 2929 2218 2991 anticam
2263 2929 2519 3010 trajicit.
2599 2929 2783 3023 Quae
2830 2928 2957 2992 sint
3000 2931 3205 3014 capita
3247 2929 3431 2996 arer-

1943 3052 2090 3106 sae,
2134 3030 2615 3114 inquirendum.
2676 3032 2887 3092 Nemo
2934 3032 3097 3109 erit,
3145 3034 3255 3117 qui
3297 3031 3458 3097 non'

1941 3131 2154 3215 primo
2217 3146 2482 3216 aspectu
2545 3154 2621 3195 ea
2683 3131 2901 3194 Cnaeo
2963 3146 3029 3195 et
3088 3134 3290 3197 Sexto
3360 3135 3433 3197 fi-

1939 3234 2045 3296 liis
2088 3255 2237 3297 esse
2281 3234 2549 3318 propria
2590 3232 2785 3309 velit,
2823 3233 2938 3296 -sic
2995 3248 3066 3296 ut
3124 3235 3300 3320 quod
3348 3237 3433 3300 ad

1939 3335 2277 3399 dexteram
2322 3320 2458 3414 est,
2514 3336 2596 3397 sit
2639 3336 2874 3414 Gnaei,
2933 3335 3109 3421 quod
3148 3337 3234 3400 ad
3276 3338 3430 3401 sini·

1937 3451 2171 3515 stram,
2218 3438 2422 3504 Sexti.
2483 3438 2617 3501 Sed
2648 3452 2876 3505 tamen,
2905 3454 3006 3503 est
3041 3440 3258 3525 magui
3291 3464 3430 3505 mo-

1936 3536 2145 3602 menti
2179 3561 2404 3619 causa,
2449 3561 2613 3625 quae
2658 3542 3042 3620 sententiam
3076 3543 3243 3606 hanc
3279 3540 3431 3627 'g'ra-

1934 3642 2104 3706 viter
2157 3642 2333 3707 ferit.
2403 3646 2476 3704 In
2524 3665 2724 3706 numo
2772 3644 3212 3727 praecedente
3264 3644 3431 3709 vidi-

1936 3765 2114 3820 mus,
2161 3744 2390 3827 capiti,
2437 3746 2612 3829 quod
2659 3767 2805 3809 esse
2851 3747 3051 3810 Gnaei
3093 3732 3426 3830 putamus,

1933 3842 2197 3909 adstitui
2258 3846 2613 3930 tripodem,
2676 3849 2742 3909 in
2804 3849 2930 3912 hoc
2993 3849 3288 3915 videmus
3339 3851 3430 3919 Ji-

1931 3961 2137 4011 tuum.
2214 3950 2379 4011 Esse
2422 3949 2597 4013 hunc
2642 3966 2989 4034 auguratus
3033 3965 3286 4014 certum
3327 3951 3441 4013 in·-

1932 4048 2199 4128 dicinm,
2244 4051 2386 4135 quia
2420 4053 2674 4116 nescit?
2720 4052 2855 4114 Sed
2893 4074 3106 4137 neque
3151 4074 3423 4137 augura-

1932 4152 2026 4214 tui
2053 4166 2378 4237 repugnat
2403 4153 2611 4238 tripus
2637 4154 2995 4218 secundum
3026 4154 3227 4221 verba
3254 4158 3426 4217 Mar-

1931 4253 2089 4339 tiani
2125 4255 2431 4338 Capellae
2473 4255 2575 4338 d)=
2632 4261 3011 4321 Oeom'stice
3049 4262 3258 4320 tertia
3299 4272 3421 4332 est,

1929 4378 2047 4439 per
2088 4376 2283 4436 quam
2325 4361 2538 4439 tripus
2573 4359 2700 4420 illa
2737 4372 3012 4422 ventura
3044 4362 3424 4438 denunciat,

1934 4472 2133 4537 atque
2169 4450 2385 4520 omnis
2420 4462 2704 4523 eminuit
2738 4473 2971 4557 nestra
3003 4465 3264 4524 cortina
3299 4475 3423 4527 etc.

1935 4559 2308 4624 Secundum
2365 4580 2528 4645 ergo
2586 4561 2707 4624 hos
2758 4583 2990 4627 numos
3044 4563 3428 4629 habebimus

2164 4789 2225 4860 c)
2266 4787 2480 4864 Philip.
2512 4787 2669 4845 xm.
2706 4809 2756 4847 c.
2786 4802 2838 4853 5.
2989 4788 3063 4860 a>
3102 4792 3166 4849 L.
3195 4792 3357 4851 vm.
