4509 5584
2467 324 2493 355 Ι

986 486 995 495 ’
1043 530 1139 599 se
2183 509 2286 580 Μ.
2350 448 3009 584 A‘NTOMVS.

1041 699 1233 744 mero
1269 691 1455 745 certe
1493 697 1627 742 non
1654 650 1771 744 est
1798 679 1888 757 is,
1925 699 2120 765 quem
2158 676 2539 743 Alexandro
2640 678 2937 763 'legionis
3001 676 3177 742 XIX.
3260 675 3368 738 Ad
3420 688 3612 763 typos
3662 677 3840 764 quod
3894 678 4145 767 attinet,

1024 781 1270 848 »tribuit
1329 782 1667 845 Tristanus
1699 783 1798 863 ⁸),
1876 781 2101 866 inique
2159 779 2535 866 ademptum
2650 780 2852 865 partis
2898 799 3167 847 aversae
3216 780 3463 864 aquila,
3526 781 3860 865 legionum
3907 797 4147 848 notum

1036 881 1422 953 Alexandro
1468 884 1694 967 Syriae
1738 884 1909 970 regi.
1985 883 2266 951 Veniam
2308 882 2532 947 damus
2648 882 2937 966 insigne,
3001 882 3179 946 inter
3221 881 3350 945 duo
3397 883 3586 966 signa
3631 884 3967 967 militaria,
4032 872 4184 950 ex-'x

1036 984 1288 1061 veteri,
1346 985 1652 1071 bonoque
1712 988 2055 1063 Tristano,
2117 998 2183 1048 at
2238 1005 2374 1048 non
2427 1005 2534 1049 ae·
2644 985 2998 1071 plicatione
3056 1005 3190 1048 non
3245 996 3419 1069 eget.
3505 986 3700 1049 Hunc
3745 1007 4005 1072 quoque
4048 1000 4146 1071 ty-

1031 1109 1166 1173 que
1232 1088 1633 1170 Spaubemio
1690 1088 1852 1172 -ejus
1928 1086 2241 1172 judicium
2300 1085 2537 1174 adpro·
2646 1109 2805 1174 pum
2836 1088 2999 1172 legit
3034 1089 3320 1155 Severus
3361 1087 3429 1149 in
3472 1087 3604 1151 suis
3630 1087 3984 1172 legionum
4025 1111 4146 1154 nu·

1028 1188 1221 1251 bant&
1238 1189 1322 1264 b).

1540 1458 1547 1463 ἱ
1648 1374 1915 1443 Nunn'.

2645 1190 2797 1268 mis,
2878 1185 3031 1253 tum*
3081 1203 3151 1254 et
3203 1164 3479 1253 *clodius
3540 1194 3798 1269 Macer,
3876 1192 4139 1279 aliique.

2627 1294 2720 1354 ,ln
2764 1308 2951 1376 parte
3006 1291 3278 1358 adversa
3339 1291 3579 1355 eruditi
3623 1293 3838 1358 navim
3882 1307 4142 1378 praeto-

2640 1394 2805 1459 riam
2863 1416 2947 1459 ex
2987 1395 3181 1458 'elato
3242 1395 3309 1456 in
3376 1417 3576 1479 prora
3633 1395 3880 1460 vexillo
3942 1416 4143 1480 agno·

934 1584 945 1592 -
1157 1501 1292 1561 Aut
1319 1494 1487 1558 nulli
1528 1495 1654 1579 jam
1684 1494 1812 1557 hoc
1845 1514 2049 1572 anno,
2100 1494 2340 1580 quippe
2377 1509 2534 1580 post
2643 1510 2862 1579 scunt,
2909 1496 2994 1560 <ie
3038 1518 3167 1581 quo
3199 1497 3366 1581 lege
3410 1496 3846 1573 disserentem
3889 1499 3976 1561 cl.
4019 1500 4142 1563 Pa-

1018 1600 1321 1688 ·perditas
1362 1620 1511 1675 res,
1570 1597 1806 1682 signati
1851 1609 2032 1673 sunt,
2092 1610 2199 1659 aut
2240 1619 2378 1670 nou
2419 1620 2533 1663 ex-
2644 1599 2947 1664 ciaudum
2978 1602 3063 1684 0).
3139 1600 3312 1685 ‘Ejus
3370 1599 3440 1661 in
3496 1600 3619 1663 hos
3674 1620 3908 1663 numos
3949 1622 4142 1668 voca·

1020 1717 1200 1769 etant
1239 1702 1444 1803 certi,
1481 1698 1596 1784 qui
1624 1699 1777 1762 huic
1811 1718 1979 1762 anno
2017 1697 2398 1763 debeantur.

1208 1866 1422 1955 Nuim‘
1450 1887 1820 1968 legionum,
1856 1896 1925 1946 ot
1954 1885 2355 1954 cohortium.

1092 2046 1095 2052 ·
1142 2008 1446 2092 Amplam
1487 2018 1556 2067 et
1603 2003 1933 2095 illust-rem
1984 2012 2285 2071 monetae
2323 2008 2525 2071 Anto-

992 2086 1251 2175 ‘nianae
1284 2122 1538 2193 partem
1579 2107 1981 2170 constituunt
2013 2108 2228 2185 numi,
2276 2110 2390 2195 qni
2429 2111 2524 2173 10.

1027 2215 1328 2300 gionum,
1382 2209 1918 2294 cohortiumque,
1974 2230 2129 2293 quas
2167 2211 2289 2272 sub
2319 2212 2521 2295 signis

1018 2315 1281 2390 habuit,
1334 2314 1600 2377 nomina
1648 2311 1959 2395 inscripta
1996 2309 2305 2375 offerunt.
2390 2316 2522 2377 Eo-

1018 2441 1167 2483 rum
1241 2430 1314 2481 ut
1387 2413 1791 2478 incredibilis
1868 2432 2179 2474 numerus
2255 2413 2339 2477 ad
2397 2436 2519 2479 nos

1015 2518 1358 2604 pervenit,
1439 2519 1532 2581 sic
1608 2515 1911 2600 legiones
1972 2514 2135 2577 aliae
2190 2516 2518 2597 rariores,

1015 2623 1182 2703 aliae
1268 2619 1683 2695 rarissimae,
1769 2616 1934 2680 aliae
2023 2616 2275 2681 unicae.
2397 2620 2521 2682 Est

1006 2724 1179 2788 haee
1222 2724 1444 2787 classis
1489 2733 1797 2806 argentea
1841 2732 2013 2795 tota,
2099 2709 2521 2805 demptis‘bi·

1012 2828 1116 2891 nis
1170 2827 1407 2891 aureis.
1479 2827 1903 2909 Nequaquam
1944 2820 2259 2885 boe-,loco
2302 2821 2519 2887 omnia

1015 2951 1093 2993 ea
1128 2949 1510 3013 persequar,
1561 2944 1725 3011 quae
1763 2922 1846 2987 de
1882 2921 2254 3006 legionibus
2278 2926 2518 2989 Roma.

1009 3033 1115 3094 nis
1166 3051 1251 3093 ex
1295 3040 1641 3093 numerum
1679 3025 1978 3091 doctrina
2007 3025 2347 3110 disputari,
2382 3028 2515 3091 ani·

1016 3132 1467 3217 :madvertique
1520 3147 1830 3216 possunt,
1887 3154 2084 3219 quem
2120 3153 2248 3216 ego
2279 3144 2515 3195 tracta·
2569 3206 2578 3217 ,

1005 3252 1150 3300 tum
1194 3237 1262 3297 in
1309 3256 1460 3298 eum
1506 3235 1723 3299 locum
1771 3235 2040 3318 rejicio,
2097 3254 2227 3319 quo
2282 3253 2515 3295 numos

1004 3339 1348 3423 legionum
1381 3338 1648 3401 nomine
1682 3339 1974 3422 insignes
2010 3356 2093 3398 ex
2125 3347 2264 3398 toto
2300 3354 2511 3419 regno

1009 3440 1379 3504 monetario
1418 3454 1646 3503 vetere
1684 3442 2005 3503 collectos
2042 3436 2128 3500 ob
2156 3437 2394 3519 oeulos
2426 3436 2508 3497 si-

1015 3558 1203 3608 stam.
1286 3542 1618 3605 Hoc'loeo
1657 3540 1943 3605 recitatis
1973 3540 2274 3601 omnibus
2306 3540 2512 3601 Anto·

888 3645 905 3651 ’
1007 3646 1101 3708 nii
1155 3643 1368 3708 numis
1408 3642 1788 3727 legionariis
1832 3640 2093 3704 nonnisi
2128 3660 2361 3724 paucas
2394 3660 2511 3703 no-

1006 3763 1105 3812 tas
1158 3747 1580 3830 adspergam,
1633 3766 1791 3830 quas
1826 3743 1909 3809 ad
1941 3764 2059 3808 eos
2085 3740 2508 3807 illustrandos

1010 3863 1407 3934 opportunas
1438 3848 1718 3915 duxere.

1733 3949 1774 3987 θ

1525 3998 1565 4038 a.
1614 4002 1629 4011 ⁴
1942 3993 1989 4035 ι

1287 4057 1495 4123 ANT.
1553 4052 1762 4122 AVG.
1832 4052 2098 4122 111V1R.
2167 4053 2250 4118 R.
2305 4052 2381 4116 P.
2427 4048 2500 4114 C.

1287 4157 1506 4224 ,Navis
1519 4158 1887 4240 praetorto.

1004 4260 1209 4325 LEG.
1248 4263 1482 4324 addito
1529 4280 1829 4324 numero.
1902 4258 2169 4340 Aquila
2207 4257 2507 4340 legiona-

1004 4367 1113 4427 rio
1148 4368 1327 4427 inter
1356 4365 1489 4425 duo
1519 4363 1716 4443 signa
1749 4362 2099 4424 militaria.

1136 4467 1304 4528 Sunt
1350 4463 1652 4548 argentei
1684 4482 1931 4526 omnes
1987 4460 2252 4545 dempto
2302 4479 2505 4524 aureo

1080 4689 1144 4759 a)
1173 4686 1513 4744 Commeat.
1545 4682 1682 4743 hist.
1717 4684 1785 4743 T.
1816 4683 1859 4745 Ι.
1890 4686 2054 4759 p.6o.

1001 4796 1064 4852 p.
1085 4787 1172 4837 αι,

2194 4682 2267 4755 b>
2308 4681 2475 4743 Tom.
2504 4679 2577 4751 11.
2609 4699 2669 4758 p.
2695 4684 2819 4747 316.

2641 1716 2745 1766 tae
2804 1723 2994 1766 causa
3054 1700 3267 1764 minus
3334 1715 3533 1767 certa.
3622 1701 3967 1766 Existimat
4016 1704 4142 1768 Pa·

2642 1803 2907 1893 ciaudus
2939 1803 3037 1887 d),
3111 1803 3466 1866 Antonium
3509 1802 3660 1866 ‘hoc
3721 1817 3879 1888 typo
3947 1826 4139 1887 usum

2631 1906 2708 1968 -in
2749 1907 3146 1990 Cleopatrae
3196 1904 3504 1988 gratiam5
3562 1926 3713 1966 nam
3752 1919 3921 1970 teste
3957 1909 4140 1971 Plut-

2635 2010 2839 2073 archo
2890 2028 3094 2093 usque
3138 2004 3306 2070 adeo
3355 2007 3410 2069 is
3448 2007 3709 2070 mulieri
3759 2028 3908 2074 sese
3957 2009 4141 2073 addi·

2637 2111 2764 2186 xit,
2833 2122 2939 2187 ut,
3000 2130 3149 2174 cum
3207 2109 3463 2175 valeret
3514 2108 3866 2192 plurimum
3926 2125 4137 2178 terre-

2634 2211 2878 2275 stribus
2934 2211 3175 2295 copiis,
3226 2211 3368 2294 ejus
3409 2210 3624 2295 gratia
3654 2211 3994 2277 -vietoriam
4024 2237 4135 2279 na-

2634 2314 2851 2379 valem
2927 2313 3448 2396 concupisceret.
3549 2313 3802 2379 Verum
3877 2318 4138 2381 Plutar-

2637 2416 2798 2479 chus
2839 2414 3011 2477 istud
3055 2428 3305 2479 tantum
3358 2413 3443 2478 de
3482 2428 3820 2498 postremo
3862 2419 4135 2483 Antonii
4167 2452 4180 2457 -

2633 2517 2817 2581 bello
2892 2517 3241 2601 intelligit,
3321 2536 3451 2601 quo
3509 2518 3565 2580 is
3619 2518 3689 2579 in
3738 2519 4132 2603 Cleopatrae

2635 2622 2911 2707 gratiam
2958 2618 3241 2682 malebat
3283 2618 3477 2696 mari,
3542 2620 3732 2705 'quam
3778 2632 3957 2684 terra
3997 2622 4133 2685 for·

2632 2725 2857 2787 tunam
2915 2720 3207 2807 experiri
3222 2742 3244 2800 3
3306 2733 3371 2783 at
3414 2720 3589 2784 enim
3648 2721 3720 2783 id
3763 2744 3970 2808 genus
4016 2723 4132 2789 de-

2633 2825 2854 2889 narios
2899 2825 3106 2886 multo
3162 2824 3292 2907 jam
3354 2837 3502 2887 ante
3540 2822 3809 2908 'signari
3855 2840 4128 2910 coeptos

2630 2927 2827 2991 facile
2901 2924 3112 3009 quivis
3173 2925 3305 2988 sibi
3362 2923 3807 3008 persuadebit.
3915 2929 4129 3012 Magis

2629 3037 2784 3094 sane
2816 3027 3192 3094 verisimilis
3218 3046 3450 3090 eorum
3482 3039 3587 3090 est
3617 3027 3972 3106 sententia,
3999 3030 4130 3115 qui

2627 3132 3019 3218 opinantur,
3089 3128 3378 3196 voluisse
3442 3128 3801 3193 Antonium
3831 3144 4127 3216 utroque

2631 3248 2789 3317 typo
2824 3236 3082 3319 ‘jactare
3131 3232 3309 3297 vires
3366 3253 3512 3295 suas
3564 3246 3697 3295 tam
3725 3232 4124 3327 maritimas,

2630 3358 2824 3421 quam
2881 3346 3254 3399 terrestres.
3344 3332 3543 3428 Quod
3600 3354 3761 3401 vero
3819 3334 4124 3419 legiones

2625 3460 2773 3501 suas
2816 3438 3027 3499 numis
3071 3435 3436 3519 inscripsit,
3498 3435 3673 3498 istud
3719 3434 3983 3502 videtur
4026 3436 4127 3501 fe·

2626 3539 2827 3616 cisse,
2872 3552 2944 3602 ut
2981 3560 3206 3603 earum
3250 3550 3540 3622 captaret
3570 3536 4124 3607 benevolentiam.

2617 3640 2827 3724 -Cujus
2904 3639 3168 3726 quidem
3245 3640 3315 3703 in
3393 3640 3636 3703 milites
3712 3661 3864 3705 suos
3940 3640 4123 3707 adfe-

2615 3756 2766 3807 ctus
2824 3763 2975 3808 eum
3033 3762 3232 3828 saepe
3290 3741 3447 3805 alias
3507 3741 3750 3807 uberes
3793 3743 3945 3807 tulit
3968 3744 4124 3808 »fru-

2608 3858 2803 3925 etus,
2869 3857 3009 3909 tum
3087 3844 3441 3931 praecipue
3509 3857 3660 3928 post
3714 3843 3980 3910 fatalem
4033 3844 4120 3910 ad

2619 3948 2883 4012 Actium
2941 3969 3249 4034 pugnam.
3348 3945 3616 4010 Etenim
3670 3947 3849 4016 XIX.
3908 3948 4119 4033 legio·

2617 4070 2773 4129 nes,
2836 4072 3004 4136 quae
3044 4051 3345 4135 integrae
3388 4062 3527 4113 tum
3557 4048 3638 4110 ⁴in
3680 4048 3878 4115 litore
3924 4071 4119 4116 excu-

2615 4150 2885 4232 babant,
2969 4153 3259 4218 Antonio
3321 4153 3516 4216 etiam
3576 4166 3914 4237 comperta
3975 4154 4117 4238 ejus

2617 4253 2773 4339 fuga
2806 4268 3044 4320 tantam
3084 4253 3473 4342 praestitere
3515 4251 3748 4332 fidem,
3802 4268 3905 4333 ut,
3962 4276 4116 4323 cum

2618 4358 2920 4424 alicunde
2992 4380 3144 4423 eum
3207 4357 3665 4441 *appariturum
3736 4373 4117 4442 sperarent„

2620 4459 2853 4525 (liebus
2898 4463 3043 4533 V-II.
3089 4462 3556 4538 cohaererent,
3617 4458 3986 4548 missosque
4025 4459 4114 4549 acl

2958 4685 3020 4756 c)
3058 4680 3369 4747 Animadv.
3398 4678 3547 4761 phil.
3578 4699 3639 4760 p.
3658 4693 3746 4747 23.
3887 4679 3960 4752 a)
3997 4679 4037 4737 1.
4058 4699 4110 4738 c.
