4509 5584
1059 593 1151 666 88
1660 690 1677 713 ἱ
2281 574 2943 667 AVGVSTVS.

1594 791 1634 830 fi
1802 745 1842 785 ι
2008 792 2048 831 ὓ

1197 845 1681 933 Descripsimus
1752 845 2092 925 denarios,
2179 847 2251 910 in
2322 850 2558 939 quibus

1069 950 1466 1016 octavianus
1507 946 1747 1014 dicitur
1780 951 2145 1014 CAESAR.
2185 952 2393 1020 n1v1.
2438 954 2552 1032 F„
2635 936 2650 957 '

1066 1053 1178 1118 vel
1207 1055 1383 1118 IMP.
1414 1053 1692 1130 CAES„
1738 1067 1806 1116 et
1839 1074 2004 1139 quos
2048 1067 2326 1139 propter
2384 1056 2553 1120 hanc

1061 1155 1266 1241 ipsam
1294 1157 1487 1220 etiam
1515 1175 1772 1218 causam
1804 1155 1972 1219 intra
1999 1156 2121 1219 hos
2147 1177 2350 1219 annes
2379 1177 2555 1221 com·

1061 1258 1398 1342 pegimus,
1460 1278 1738 1342 quorum
1788 1272 2161 1342 postremus
2201 1272 2305 1322 est
2355 1259 2440 1326 V.
2477 1259 2550 1326 C.

1060 1361 1220 1443 726,
1265 1372 1417 1445 post
1457 1382 1654 1447 quem
1689 1381 1931 1443 nomen
1965 1363 2279 1446 Augusti
2317 1359 2555 1423 inferri

1060 1462 1281 1525 numis
1333 1460 1576 1547 coepit.
1635 1465 1787 1526 Non
1848 1475 2069 1527 tamen
2131 1461 2228 1527 sic
2269 1458 2551 1526 abolitus

1063 1579 1250 1629 vetus
1286 1554 1559 1642 modus',
1602 1578 1668 1628 ut
1707 1586 1875 1641 non,
1934 1565 2057 1627 etsi
2105 1585 2290 1640 raro,
2336 1574 2570 1628 tamen

1059 1666 1409 1751 aliquoties
1438 1681 1760 1732 recurrat.
1810 1669 2084 1730 Exstant
2108 1667 2361 1730 denarii
2394 1688 2556 1752 gen·

1057 1767 1140 1831 tis
1199 1767 1542 1846 Caniniae,
1616 1785 1685 1834 et
1739 1769 2127 1847 Petroniae,
2186 1772 2330 1853 qui,
2394 1771 2553 1854 quia

1059 1871 1467 1933 Armeniam
1492 1884 1757 1952 captam
1790 1872 2205 1956 eloquuntur,
2240 1886 2423 1936 certe
2460 1892 2564 1935 se·-

1056 1971 1195 2035 rius
1230 1969 1464 2056 signati
1501 1986 1687 2049 sunt,
1734 1986 1950 2037 tamen
1989 1973 2231 2037 omisso
2277 1973 2563 2057 Augusti

1052 2074 1325 2138 nomine
1366 2074 1580 2138 solum
1621 2074 1989 2140 CAESAR.
2019 2076 2230 2159 DIVI.
2275 2076 2354 2143 F.
2393 2074 2558 2141 offe·

1053 2189 1233 2243 runt.
2383 2255 2388 2265 ⁸

1184 2279 1551 2344 Notandum
1587 2291 1966 2365 praeterea,
2024 2277 2331 2343 denarios
2359 2278 2554 2364 hujus

1050 2381 1315 2465 periodi
1356 2395 1483 2445 tam
1519 2381 1798 2464 perfecti
1826 2402 1975 2445 esse
2017 2381 2274 2466 operis,
2319 2394 2387 2444 et
2418 2381 2555 2446 ele·

1055 2483 1312 2566 gantiae
1373 2503 1535 2547 vere
1595 2482 1889 2560 Graece,
1957 2497 2030 2546 ut
2084 2504 2315 2548 omnes
2358 2484 2552 2567 hujus

1055 2583 1370 2668 principis
1402 2605 1671 2662 numos,
1725 2585 1836 2668 qui
1882 2606 2000 2649 seu
2033 2600 2213 2665 ante,
2257 2609 2375 2651 seu
2403 2599 2553 2672 post

1053 2684 1289 2772 signati
1316 2699 1467 2749 sunt
1487 2730 1512 2766 ,
1548 2688 1681 2752 hoc
1706 2688 1945 2752 merite
1975 2689 2174 2775 longe
2213 2701 2554 2774 superent.

1430 2946 1514 3010 V.
1554 2946 1627 3012 C.
1660 2963 1791 3029 727
1827 2945 2044 3016 AX.
2079 2962 2187 3029 27.

1058 3046 1253 3112 GOS.
1273 3047 1433 3111 VII.
1447 3044 1654 3111 DES.
1675 3049 1877 3113 VIII.
1894 3049 2089 3113 PON
2094 3050 2166 3114 T.
2180 3050 2380 3113 IMP.
2399 3048 2556 3113 VII.

1128 3149 1451 3238 Augusto
1490 3150 1649 3216 VII.
1693 3150 1798 3215 M.
1827 3150 2136 3235 Agrippa
2167 3152 2299 3216 ΙΙΙ.
2339 3172 2475 3220 σου.

1389 3251 1642 3332 Inct‘pit
1673 3252 1827 3314 AV
1829 3250 1959 3315 GV
1963 3251 2013 3316 S
2024 3252 2084 3315 T
2077 3255 2147 3316 V
2144 3254 2212 3319 S.

1179 3418 1358 3480 Anni
1401 3414 1733 3502 principio
1783 3438 1930 3481 cum
1980 3417 2284 3483 abdicare
2317 3420 2558 3485 Caesar

1052 3519 1352 3585 simulata
1387 3519 1466 3582 ad
1500 3533 1795 3582 senatum
1830 3522 2124 3585 oratione
2165 3521 2557 3605 praeferret,

1057 3635 1253 3706 atque
1285 3622 1425 3698 hic,
1463 3622 1699 3706 partim
1736 3621 1912 3706 quod
1942 3622 2241 3687 fraudem
2283 3623 2554 3688 subesse

924 3733 930 3739 '
1054 3723 1293 3799 sensit,
1326 3725 1562 3808 partim
1598 3722 1775 3807 qued
1809 3722 2029 3787 utilius
2066 3725 2308 3802 visum,
2338 3746 2555 3811 remp.

1052 3824 1138 3890 ab
1187 3845 1318 3889 uno
1365 3824 1548 3908 regi,
1600 3824 1738 3908 ejus
1782 3827 2126 3909 proposito
2175 3827 2558 3891 adversare·

1052 3939 1190 4006 tur,
1215 3927 1564 4012 imperium
1602 3927 1668 3988 in
1688 3926 2087 3991 decennium
2120 3930 2442 4014 suscepit,
2476 3950 2558 3994 ac

1051 4030 1277 4114 paullo
1308 4043 1488 4114 pest,
1524 4028 1984 4093 fluctuantibus
2012 4031 2334 4114 patribus,
2377 4030 2554 4117 quod

1055 4152 1302 4195 nomen
1374 4154 1618 4196 novum
1682 4132 1964 4217 principi
2025 4131 2110 4195 de
2169 4155 2242 4196 se
2308 4135 2558 4217 optime

1055 4235 1299 4299 merito
1333 4233 1772 4318 imponerent,
1804 4255 1953 4297 cum
1988 4236 2289 4298 nonnulli
2311 4239 2558 4300 Romu·

1053 4336 1195 4400 lum
1253 4337 1617 4402 vocandum
1677 4351 2060 4417 censerent,
2138 4358 2221 4401 ex
2283 4338 2559 4402 Munatii

1056 4437 1286 4501 Planci
1323 4438 1646 4502 sententia
1671 4438 1882 4503 dietus
1919 4453 2021 4503 est
2053 4440 2555 4509 AVGVSTVS.

1088 4750 1095 4755 .
1129 4668 1195 4740 ι)
1236 4658 1533 4742 Cap.V11.

1055 4754 1121 4812 Ι..
1151 4756 1196 4814 1.
1232 4767 1358 4828 590.

1049 4842 1207 4907 XVI.
1240 4849 1291 4918 §-
1315 4857 1369 4911 ὅ.

1706 4665 1782 4741 b)
1817 4668 1891 4728 1..
1909 4669 2065 4728 L111.
2092 4672 2144 4741 §.
2165 4673 2258 4733 16.
2282 4752 2286 4757 ff

1516 4756 1574 4830 s)
1614 4756 1675 4814 in
1704 4770 1845 4816 nota
1877 4757 1956 4818 ad
1982 4758 2190 4818 Dionis
2218 4758 2258 4818 l.
2288 4778 2340 4819 c·

2428 4670 2492 4745 e)
2529 4669 2598 4729 L.
2626 4669 2703 4728 11.
2734 4682 2898 4744 c.9t.

2499 4761 2567 4838 g)
2604 4759 2753 4831 Dio,
2790 4757 3131 4838 Eutropius.

2672 755 2838 818 Cum
2866 753 2935 817 in
2966 755 3098 819 hoc
3140 753 3480 820 unanimes
3510 752 3639 818 sint
3669 753 4022 819 Suetonius
4065 740 4176 837 ·),ι

2667 859 2800 923 Dio
2842 857 2947 941 1ἱ),
3000 858 3306 928 Velleius
3343 859 3443 942 θ),
3500 871 3569 922 et
3620 856 4019 922 Censorinus
4062 852 4162 940 d),

2667 974 2887 1025 tamen
2916 962 2983 1024 iu
3017 960 3125 1025 die
3154 961 3485 1026 dissensus
3516 974 3616 1025 est
3639 961 3814 1024 inter
3835 972 4158 1024 auctores.

2666 1064 2941 1128 Factum
3007 1064 3182 1128 istud
3247 1063 3460 1129 idibus
3521 1067 3656 1129 Ian.
3717 1062 3943 1146 adfigit
4003 1062 4162 1128 Ovi·

2668 1165 2813 1229 dius
2857 1169 2956 1250 ⁶),
3029 1167 3426 1230 Censorinus
3493 1167 3666 1233 XVI.
3722 1166 3866 1230 Bal.
3921 1165 4159 1240 Febr.,

2667 1254 2942 1333 Orosius
2973 1269 3145 1336 VIII.
3192 1270 3339 1333 idus
3379 1274 3542 1346 Ian.,
3597 1281 3662 1331 at
3711 1268 3891 1331 Fasti
3933 1266 4164 1336 Verrii

2667 1372 2892 1435 Flacci
2928 1374 3135 1441 xvn.
3179 1371 3321 1439 Kal.
3360 1373 3417 1434 F
3420 1373 3599 1447 ebr.,
3647 1391 3767 1435 seu
3809 1370 3943 1433 diei
3986 1370 4163 1438 xvl.

2667 1474 2978 1552 Ianuarii,
3038 1473 3308 1560 quibus,
3363 1488 3666 1559 tanquam
3738 1487 4165 1539 monumento

2669 1577 3062 1660 synchrono,
3097 1596 3252 1660 prae
3283 1576 3647 1640 Censorino
3683 1577 3892 1659 major
3924 1576 4168 1640 haben-

2669 1678 2752 1743 da
2793 1679 2981 1746 fides.
3041 1678 3215 1747 Vide
3266 1678 3353 1743 cl.
3383 1679 3753 1763 Pogginum
3805 1680 3888 1743 ad
3935 1682 4167 1744 Fastos

2668 1780 2895 1850 Verrii
2923 1803 2989 1866 p.
3015 1780 3111 1857 13,
3147 1795 3214 1845 et
3240 1801 3406 1866 quae
3435 1780 3519 1844 ad
3550 1781 3983 1845 conciliandas
4010 1781 4171 1846 alio·

2667 1905 2816 1947 rum
2878 1882 3201 1948 variantes
3263 1881 3620 1948 sententias
3675 1884 3890 1948 adfert
3940 1885 3997 1947 F
3998 1883 4167 1949 abri-

2669 1985 2809 2048 cius
2855 1984 2929 2067 ί).
3935 2046 3944 2055 .

2793 2086 3128 2172 Augustus
3164 2084 3291 2150 hoc
3322 2085 3533 2152 adhuc
3563 2109 3732 2152 anno
3773 2088 4162 2155 Flaminiam

2668 2186 2911 2266 munit,
2961 2202 3029 2251 et
3061 2188 3127 2250 in
3159 2188 3536 2273 Hispaniam
3575 2188 4016 2275 proficiscitur
4053 2189 4161 2255 ad·

2667 2312 2931 2356 versum
2964 2290 3321 2358 Cantabros
3352 2303 3421 2355 et
3443 2295 3720 2356 Astures
3751 2294 3994 2379 apertis
4025 2294 4164 2358 Iani

2666 2392 2875 2478 portis
2917 2393 3005 2477 ε).
3397 2476 3438 2517 Α.

3187 2522 3228 2561 ι
3605 2524 3646 2562 s

2994 2596 3364 2660 CAESAR.
3399 2597 3589 2661 COS.
3615 2598 3761 2666 VII.
3789 2599 4162 2669 CIVIBVS.

2994 2699 3512 2768 SERVATEIS.
3567 2702 3781 2784 Caput
3818 2708 4092 2769 nudum.

2664 2800 3165 2890 AVGV5WS.
3237 2802 3306 2867 8.
3361 2804 3431 2867 C.
3510 2805 3775 2885 Aquila
3847 2809 4170 2892 expansis

2667 2902 2807 2968 alis
2835 2925 3122 2968 coronae
3150 2925 3438 2985 quernae
3454 2909 3809 2984 insistens,
3830 2927 4005 2990 pone
4031 2909 4164 2970 duo

2672 3006 2860 3071 lauri
2896 3010 3091 3073 ramI.
3133 2996 3520 3091 Avienus.
3552 3008 3771 3089 Caes.)

2767 3108 3092 3195 ‘Egregie
3125 3131 3393 3172 numum
3426 3110 3709 3195 explicat
3736 3111 3869 3174 Dio
3903 3109 4006 3194 ¹¹),
4055 3107 4174 3175 de·

2671 3225 2924 3276 cretum
2951 3213 3079 3277 hoc
3106 3233 3294 3289 anne,
3324 3226 3396 3276 ut
3420 3227 3568 3278 ante
3598 3213 3876 3298 Augusti
3906 3213 4176 3278 demum

2670 3313 2739 3376 in
2771 3314 3011 3399 palatio
3047 3313 3221 3377 lauri
3245 3330 3668 3400 ponerentur,
3699 3337 3776 3379 ac
3806 3315 3872 3377 in
3905 3315 4171 3402 fastigio

2673 3414 2907 3479 domus
2983 3434 3227 3480 corona
3299 3438 3547 3501 querna
3622 3418 4170 3503 suspenderetur,

2673 3518 2857 3602 quasi
2878 3531 3234 3600 perpetuus
3252 3521 3545 3584 hostium
3564 3524 3630 3583 vi
3633 3532 3801 3597 otor,
3820 3541 3896 3585 ac
3921 3522 4175 3583 civium

2670 3635 2976 3684 servator
3012 3634 3208 3687 esset.
3250 3621 3424 3690 Vide
3461 3643 3695 3685 numos
3730 3621 3945 3707 gentis
3984 3622 4175 3686 Cani-

2668 3721 2817 3786 niae
2839 3767 2857 3801 ,
2900 3742 3179 3807 quorum
3211 3744 3415 3802 unus,
3460 3725 3582 3788 etsi
3619 3724 3916 3808 pluribus
3954 3728 4172 3789 serius

2670 3824 2851 3887 annis
2884 3825 3205 3908 signatus,
3242 3824 3418 3889 idem
3448 3840 3906 3910 argumentum
3944 3825 4170 3893 offert.

2667 3926 2980 3989 Additum
3010 3926 3077 3989 in
3103 3948 3303 3992 numo
3331 3941 3680 4013 praesente
3706 3929 3771 3991 S.
3793 3929 3864 3994 C.
3897 3928 4164 4011 indicat,

2671 4042 2738 4093 et
2771 4030 3116 4094 Caesarem
3152 4051 3237 4095 ex
3272 4032 3340 4095 S.
3375 4032 3450 4097 C.
3485 4029 3729 4094 dictum
3762 4032 4164 4113 Augustum,

2670 4146 2739 4197 et
2766 4132 2998 4197 eadem
3021 4132 3176 4218 lege
3206 4132 3539 4197 decretam
3569 4153 3906 4218 quet-nam,
3936 4145 4003 4195 et
4028 4133 4166 4197 lau·

2667 4257 2804 4302 ros.
2845 4236 3191 4301 Praeclara
3234 4254 3365 4299 vox
3395 4232 3596 4297 Plinii
3645 4232 3732 4316 ί).
3790 4234 4163 4320 Angustum

2668 4335 3037 4423 profligatis
3075 4336 3270 4401 bellis
3313 4334 3614 4401 civilibus
3651 4357 3959 4402 coronam
4007 4336 4167 4403 civi·

2669 4462 2814 4507 cam
2847 4463 2886 4504 a
2918 4459 3166 4525 genere
3201 4437 3485 4502 humane
3509 4439 3723 4522 ipsum
3760 4438 4118 4523 accepisse.

3900 4671 3964 4744 e)
4002 4618 4168 4728 Pasti

4000 4758 4053 4835 i)
4090 4760 4161 4819 1..

3071 4667 3146 4743 d)
3181 4667 3259 4726 de
3290 4640 3390 4725 die
3416 4678 3540 4727 nat.
3569 4680 3735 4730 e.2t.

3289 4756 3364 4833 h)
3399 4756 3469 4816 L.
3497 4758 3651 4821 Lm.
3682 4759 3844 4824 c.16.
