4509 5584
1648 579 2297 657 CALIGVLA.

422 755 618 820 dubie
669 753 908 839 spuriis
956 753 1110 820 vide
1161 774 1315 818 mox
1358 750 1529 819 infra
1578 754 1646 816 in
1695 752 1907 818 numis

415 856 750 924 Drusillae
783 856 1122 944 Caligulae
1154 856 1423 925 sororis.

818 1080 1096 1145 Sorores
1130 1061 1506 1162 Caligulae.

863 1261 1012 1327 AG
1022 1258 1438 1354 meeum.

534 1387 640 1452 De
697 1385 838 1470 ejus
894 1383 1109 1447 numia
1166 1394 1403 1467 agetur
1464 1393 1615 1467 post
1663 1400 1896 1444 numos

410 1487 666 1554 Claudii
699 1487 907 1573 Aug„
950 1486 1245 1571 cujus-ea
1270 1502 1438 1548 uxor
1465 1481 1608 1546 fuit.

905 1651 1404 1718 DRVSILLA.

539 1771 934 1840 Germanico
984 1785 1053 1838 et
1106 1771 1469 1857 Agrippina
1517 1783 1666 1835 nata
1709 1769 1790 1839 V.
1826 1770 1900 1834 C.

409 1897 568 1959 770,
620 1890 689 1940 et
737 1874 1002 1962 quidem
1046 1874 1217 1958 apud
1262 1875 1615 1951 Treviros,
1663 1885 1731 1934 ut
1769 1872 1904 1935 col-

405 1979 543 2064 ligo
588 1999 676 2041 ex
714 1976 1032 2041 Suetonio
1079 1978 1175 2057 ⁸),
1224 1997 1261 2039 a
1298 1975 1569 2039 Tiberio
1617 1974 1904 2057 denupta

406 2082 489 2146 1..
547 2080 772 2144 Cassio
838 2078 1182 2161 Longino,
1260 2090 1333 2138 ut
1404 2076 1654 2139 diserte
1719 2075 1906 2138 Taci-

406 2195 511 2248 tus
555 2180 659 2270 l³),
727 2194 795 2246 et
844 2179 1197 2244 Suetonius
1238 2181 1323 2259 θ).
1422 2176 1643 2271 Quare
1692 2178 1907 2243 minor

410 2281 578 2346 fides
629 2280 902 2358 Dionis,
980 2284 1071 2345 M.
1129 2277 1458 2362 Lepidum
1517 2282 1658 2366 ejus
1718 2280 1909 2344 mari-

409 2397 547 2448 tum
579 2384 919 2449 statuentis
965 2381 1056 2466 d).
1113 2381 1407 2465 Caligula
1437 2382 1517 2445 ad
1550 2381 1902 2466 imperium

403 2499 707 2568 evectus,
754 2506 902 2550 cnm
936 2505 1202 2549 sorores
1234 2505 1462 2548 omnes
1495 2497 1901 2566 constupras-

405 2601 540 2666 set,
579 2588 809 2650 insano
844 2586 914 2647 in
951 2588 1076 2652 hac
1109 2588 1402 2651 Drusilla
1455 2606 1680 2650 amore
1720 2586 1899 2648 fure·

404 2689 537 2755 bat.
647 2689 815 2752 Nam
864 2687 1205 2753 abductam
1253 2690 1477 2753 Cassio
1520 2689 1590 2751 in
1629 2687 1898 2751 modum

398 2790 608 2874 justae
665 2791 889 2853 uxoris
962 2792 1300 2875 propalam
1348 2790 1606 2866 habuit,
1694 2809 1897 2874 aeger

401 2890 725 2956 heredem
800 2892 1066 2976 imperii
1138 2892 1432 2956 instituit.
1529 2892 1628 2955 Ea
1686 2891 1769 2959 V.
1820 2890 1895 2952 C.

397 3013 520 3076 70¹
560 3015 599 3058 e
628 2994 793 3063 vivis
826 3008 1055 3080 erepta
1082 2993 1248 3059 adeo
1272 2992 1552 3057 intendit
1571 2992 1894 3073 dolorem,

399 3108 472 3157 ut
529 3095 845 3179 justitium
915 3095 1274 3173 indiceret,
1358 3096 1541 3159 luctu
1595 3094 1665 3155 in
1722 3093 1894 3176 ipsas

401 3196 596 3261 etiam
626 3198 996 3281 provincias
1028 3209 1389 3284 propagato
1418 3202 1479 3280 ε)
1499 3241 1518 3273 ,
1555 3209 1623 3259 et
1665 3194 1889 3259 ridere

397 3313 575 3378 tum,
634 3320 708 3364 ac
751 3300 973 3364 lavare
1031 3299 1306 3383 capitale
1363 3311 1558 3363 esset.
1654 3298 1888 3383 Neque

399 3399 642 3479 defuit,
710 3400 823 3487 qui
871 3401 1295 3486 jurejurando
1355 3398 1763 3476 adfirmaret,
1814 3421 1886 3463 se

399 3503 540 3585 ejus
589 3502 867 3566 animam
906 3503 975 3564 in
1018 3504 1280 3570 coelum
1318 3513 1582 3566 euntem
1620 3500 1886 3579 vidisse,

396 3604 621 3670 Livius
683 3604 1043 3669 Geminius'
1103 3619 1366 3671 senator
1411 3602 1484 3687 ¹).
1590 3603 1887 3697 Quapro-

394 3720 545 3789 pter
622 3707 771 3791 jure
856 3722 1235 3771 consecrata
1291 3730 1328 3771 a
1387 3705 1590 3772 fratre
1663 3705 1883 3770 addito

392 3809 734 3871 Pantheae
760 3810 1060 3887 nomine,
1094 3829 1451 3893 omnesque
1486 3809 1554 3870 in
1588 3829 1731 3900 eam
1765 3809 1883 3874 ho-

387 3927 588 3972 nores
624 3912 953 3996 congesti,
986 3912 1097 3995 qui
1132 3912 1357 3976 Liviae
1390 3909 1715 3994 obtigere,
1751 3930 1879 3975 nec

386 4031 670 4092 unquam
729 4028 958 4097 postea
1008 4014 1303 4099 Caligula
1353 4007 1499 4097 pro'
1530 4012 1876 4089 concione,

3371 598 3515 663 231

2633 748 2903 856 Numi·

2026 937 2399 1002 commatis
2439 934 2751 1003 Romani.

2133 1057 2309 1142 -Ejus
2372 1074 2616 1119 nomen
2658 1054 3109 1126 DRVSILLA
3153 1074 3353 1122 numo
3411 1078 3521 1122 ae-

2018 1177 2151 1224 neo
2191 1161 2241 1225 1.
2277 1160 2530 1222 formae
2563 1157 2951 1243 inscriptum
2983 1159 3263 1225 vidimus
3287 1158 3357 1221 in
3399 1180 3518 1223 nn-

2015 1262 2139 1326 mis
2190 1261 2529 1346 Caligulae
2587 1258 2672 1323 ad
2718 1281 2957 1324 annum
3003 1262 3088 1330 V.
3124 1262 3198 1328 C.
3243 1279 3402 1344 790,
3444 1262 3514 1324 in

2013 1385 2145 1448 quo
2184 1363 2353 1428 duae
2390 1381 2657 1428 soreres
2689 1363 2883 1444 Iulia,
2917 1377 2988 1429 et
3016 1362 3381 1448 Agrippina
3410 1384 3513 1429 so·
3547 1439 3556 1445 ‚

2010 1464 2286 1533 ciantur.

2143 1571 2218 1630 In
2249 1568 2380 1631 alio
2423 1587 2648 1646 aureo,
2679 1585 2876 1651 quem
2907 1565 3146 1631 eodem
3179 1568 3331 1631 loco
3360 1585 3517 1633 con-

2016 1667 2200 1731 tinuo
2277 1667 2564 1752 subjeci,
2648 1668 2909 1755 quidam
2970 1667 3316 1754 antiquarii
3364 1670 3510 1753 ejus

2016 1783 2211 1853 caput
2253 1789 2403 1833 cum
2439 1771 2779 1857 Caligulae
2827 1770 3042 1857 capite
3081 1770 3372 1857 jugatum
3416 1771 3509 1837 vi·

2018 1872 2198 1939 dent.

2882 1968 2895 2012 ι

2306 2196 2711 2285 Numisalsz'
2724 2242 2744 2277 ,
2774 2208 2897 2262 aut
2918 2199 3229 2283 suspecti.

2299 2382 2539 2450 DIVA.
2590 2382 3058 2451 DRVSILLA.
3084 2384 3407 2453 SOROR.
3430 2386 3503 2451 G.

2292 2484 2738 2550 CAESARIS.
2785 2485 2987 2553 AVG.
3073 2488 3288 2570 Caput
3329 2491 3510 2554 inso-

2299 2587 2474 2648 lente
2504 2589 2882 2651 diademate
2910 2590 3313 2655 redimitum.

2017 2684 2276 2750 1VL1A.
2320 2681 2789 2756 DRVSILEA.
2827 2690 2905 2751 F.
2941 2690 3017 2753 C.
3047 2691 3502 2756 CAESARIS.

2009 2788 2420 2873 AVGVSTI.
2511 2792 2726 2872 Caput
2755 2793 3040 2874 infantis
3068 2796 3504 2876 cornucopiae

2010 2891 2415 2971 impositum.
2460 2891 2603 2956 AE.
2638 2893 2689 2956 Ι.

2026 3032 2035 3038 -
2135 2991 2329 3055 Hunc
2379 3013 2648 3054 numum
2697 2991 2968 3057 edidere
3000 2991 3363 3057 Pedi-usius
3423 2996 3497 3077 i),

2010 3104 2076 3156 et
2101 3092 2416 3158 Baldinus
2451 3116 2535 3160 ex
2572 3096 2925 3178 praeconio
2953 3096 3189 3160 Franc.
3224 3096 3497 3162 Ficoro·

2003 3194 2075 3256 ni
2140 3195 2222 3259 ab
2270 3195 2398 3260 hoc
2448 3211 2786 3280 repertum
2819 3195 2889 3258 in
2934 3218 3164 3262 museo
3196 3198 3499 3262 Barbari-

2003 3296 2072 3357 ni
2117 3293 2206 3379 k),
2296 3297 2399 3359 Ab
2452 3298 2593 3362 aliis
2636 3301 3013 3384 ignoratur,
3055 3319 3272 3383 neque
3316 3300 3498 3364 adul-

2000 3398 2285 3461 terinum
2338 3399 2651 3466 dubitem.
2737 3400 3094 3464 Pedrnsius
3136 3402 3495 3466 Drusillam

1999 3481 2201 3583 partis
2257 3523 2525 3566 aversae
2579 3515 2761 3588 putat
2804 3502 3089 3587 puellam
3140 3505 3332 3593 hujus
3379 3531 3495 3574 no·

1998 3602 2189 3667 minis
2269 3604 2605 3689 Caligulae
2698 3625 2782 3669 ex
2844 3605 3160 3673 Caesonia
3239 3624 3493 3691 natam,

1996 3707 2178 3790 cujus
2226 3706 2551 3771 fortunam
2587 3729 2783 3792 snpra
2832 3706 2901 3769 in
2934 3710 3252 3794 Caesonia
3307 3735 3493 3779 enar·

1993 3809 2152 3873 ravi.
2243 3808 2419 3905 Quid
2465 3811 2520 3872 si
2582 3824 2756 3875 esset
2798 3812 3132 3877 Drusillae
3192 3836 3276 3878 ex
3320 3818 3488 3881 Cali-

1994 3910 2146 3993 gula
2208 3910 2382 3991 iilia,
2450 3913 2875 3996 ejusdemque
2931 3933 3079 3977 cum
3122 3930 3328 3981 matre
3370 3940 3487 3983 no-

1992 4013 2228 4081 minis?
2297 4034 2444 4077 nam
2503 4014 2659 4098 lego
2717 4013 2888 4098 apud
2946 4016 3340 4102 Eutropium
3393 4016 3484 4104 ¹):

385 4113 512 4178 nisi
544 4135 668 4199 per
704 4136 945 4180 nomen
976 4115 1309 4180 Drusillae
1339 4113 1677 4199 dejeravit.
1741 4115 1877 4177 Ho-
1988 4127 2222 4197 stupra
2276 4117 2620 4178 sororibus
2652 4118 2919 4193 intulit,
2973 4136 3062 4180 ex
3101 4140 3238 4181 una
3276 4125 3485 4187 etiam

382 4239 583 4284 nores
628 4217 789 4283 alios
826 4218 977 4285 vide
1014 4217 1184 4303 apud
1217 4215 1602 4282 Suetonium
1643 4217 1744 4298 8),
1807 4229 1876 4280 et
1988 4229 2218 4278 natam
2234 4214 2467 4297 filiam
2502 4220 2800 4296 agnovit.
2866 4217 3000 4280 Sed
3035 4219 3102 4279 in
3141 4242 3340 4287 numo
3378 4246 3481 4290 su.

386 4320 670 4387 Dionem
698 4312 807 4407 Β).

460 4556 521 4621 a)
559 4548 629 4607 In
658 4546 848 4623 Calig.
881 4567 930 4608 c.
947 4557 1002 4611 8.
1162 4545 1234 4619 b)
1275 4529 1652 4607 Ann.V1.15'.

386 4636 518 4697 adv.
546 4637 828 4695 Flaccum
857 4656 917 4714 p.
946 4657 1022 4694 m.
1057 4648 1179 4701 525.

384 4729 457 4801 h)
495 4729 560 4789 L.
579 4727 725 4788 LIX.
760 4746 813 4785 c.
839 4743 905 4789 ιι
934 4740 992 4786 et
1029 4740 1112 4792 13.

342 4843 349 4850 ·
390 4839 563 4904 p.17.
713 4819 765 4893 1)
804 4819 972 4881 Brev.
994 4819 1174 4882 1..V1.

1815 4545 1877 4615 c)
1918 4543 2064 4621 cap.
2085 4552 2174 4608 24.

1482 4635 1532 4705 s)
1571 4634 1683 4691 Dio
1717 4634 1781 4690 1..
1811 4632 2042 4706 L1X;§.
2066 4648 2157 4696 11.-
2207 4634 2433 4692 Seneca
2469 4635 2527 4691 in
2562 4636 2812 4712 Apocol.

1289 4729 1338 4801 i)
1380 4727 1526 4785 Mus.
1555 4727 1727 4784 Fam.
1755 4723 2041 4790 Tom.V1.

1989 4329 2215 4401 specto
2250 4315 2513 4402 longius
2539 4337 2685 4382 esse
2726 4317 3054 4383 curiosum
3086 4323 3293 4409 piget.

2326 4542 2395 4617 d)
2433 4543 2661 4602 Lux,
2688 4547 2736 4618 §.
2760 4559 2845 4607 ιι.
2878 4558 2937 4605 et
2965 4560 3056 4611 22.
3202 4554 3266 4625 e)
3303 4553 3478 4612 Philo

3109 4644 3178 4718 g)
3217 4643 3363 4723 Cap.
3383 4655 3476 4709 24.

2206 4727 2270 4802 k)
2308 4723 2481 4786 Vaill.
2515 4724 2687 4786 Num.
2719 4739 2938 4805 praest.
2961 4730 3103 4791 edit.
3135 4729 3307 4795 Rom.
3338 4734 3409 4800 Τ.
3428 4735 3477 4799 1.
