4509 5584
2379 524 2741 602 L-IVIA.

2228 816 2880 886 >LIVIA.

1040 1034 1047 1041 ·
1139 990 1332 1058 Livia
1370 990 1664 1054 Drusilla
1711 998 1859 1052 nata
1910 982 1990 1056 V.
2026 983 2101 1054 C.
2150 979 2279 1071 697
2326 995 2513 1069 patre

1008 1095 1208 1167 Livio
1238 1096 1494 1168 Druso,
1548 1089 1694 1176 qui,
1751 1085 1931 1175 quod
1964 1107 2048 1152 ex
2085 1099 2287 1172 gente
2323 1088 2516 1154 Clau-

1004 1198 1119 1262 dia
1171 1195 1238 1259 in
1292 1195 1545 1258 Liviam
1601 1192 1940 1277 adoptatus
1994 1202 2125 1268 est,
2195 1190 2516 1254 Claudia-

1008 1321 1136 1362 nus
1196 1297 1410 1360 dictus
1468 1293 1595 1357 fuit
1641 1295 1721 1376 ⁸).
1799 1294 2016 1376 Nupta
2079 1291 2184 1353 Ti.
2235 1290 2512 1354 Claudio

1008 1399 1263 1463 Neroni
1312 1394 1497 1460 ¹haud
1563 1395 1768 1457 multo
1831 1406 1984 1479 post
2040 1413 2244 1474 grave
2305 1390 2510 1454 adivit

1005 1501 1236 1571 salutis
1291 1520 1366 1563 ac
1421 1498 1832 1561 fortunarum
1886 1493 2264 1559 discrimen.
2342 1494 2507 1555 Nam

999 1602 1316 1680 maritus,
1380 1598 1558 1685 quod
1614 1619 1882 1675 eorum,
1950 1594 2062 1683 qui
2117 1595 2186 1657 in
2240 1595 2508 1679 Campa·

1002 1706 1114 1770 nia
1197 1724 1392 1788 agros
1477 1697 1940 1784 perdiderant,
2069 1695 2507 1782 patrocinium

1002 1805 1470 1892 profiteretur,
1517 1821 1797 1886 seseque
1839 1799 2075 1863 ducem
2116 1799 2331 1884 palam
2372 1799 2507 1863 fer·

997 1921 1146 1985 ret,
1205 1918 1356 1991 post
1412 1924 1760 1993 oppressas
1821 1902 1902 1965 ab
1963 1899 2327 1965 Octaviano
2380 1922 2506 1986 per

882 2084 893 2093 .
1002 2007 1319 2072 Perusiae
1366 2005 1779 2070 deditionem
1832 2005 1915 2069 L.
1958 1996 2229 2067 Antonii
2284 2016 2505 2088 partes

1001 2131 1155 2175 cum
1209 2129 1458 2187 uxore,
1522 2120 1592 2170 et
1647 2106 1757 2172 vix
1809 2103 1989 2166 bimo
2044 2102 2185 2167 filio
2229 2102 2517 2199 Tiberio·

999 2211 1369 2296 praecipite
1438 2230 1565 2294 per
1639 2208 1779 2276 avia
1854 2206 2008 2291 suga
2082 2207 2149 2267 in
2210 2205 2504 2270 Siciliam

999 2312 1211 2380 evasit
1244 2313 1328 2380 V.
1365 2312 1437 2376 C.
1472 2311 1598 2394 2713
1627 2307 1716 2390 b).
1772 2307 2107 2371 Permisso
2150 2305 2222 2368 in
2267 2307 2502 2371 urbem

1000 2414 1223 2478 reditu
1281 2414 1522 2477 Caesar
1581 2410 1811 2475 Liviae
1879 2407 2216 2473 illecebris
2268 2423 2503 2494 captus

995 2537 1150 2581 eam
1205 2514 1329 2579 sibi
1386 2537 1424 2577 a
1472 2512 1708 2579 marito
1764 2510 2174 2595 impetravit,
2233 2524 2305 2574 et
2347 2511 2505 2574 licet

997 2619 1224 2680 Druso
1286 2615 1620 2698 gravidam
1685 2615 2026 2698 repudiata
2087 2613 2270 2697 prius
2330 2610 2507 2693 Scri·

996 2719 1194 2782 bonia
1242 2715 1426 2779 duxit
1467 2719 1551 2787 V.
1586 2718 1657 2780 C.
1698 2717 1825 2800 716
1869 2717 1951 2799 c).
2014 2716 2179 2778 Eam
2224 2715 2498 2794 Caesar,

990 2820 1213 2905 quoad
1281 2817 1484 2897 vixit,
1558 2817 1866 2895 retinuit,
1941 2816 2342 2901 dilexitque,
2417 2835 2495 2879 ac

993 2918 1302 3003 probavit
1376 2918 1607 2996 unice,
1692 2940 1796 3004 ae·
1849 2931 2360 3003 perseveranter
2402 2914 2495 2999 d).

992 3022 1154 3085 Fuit
1207 3021 1441 3084 marito
1493 3020 1679 3084 annis
1733 3020 1881 3084 fere
1921 3022 2068 3090 XV.
2124 3031 2499 3104 superstes,

992 3124 1294 3207 obiitque
1379 3136 1589 3186 aetate
1678 3135 1970 3187 extrema
2058 3142 2264 3187 annos
2346 3132 2494 3183 nata

995 3227 1356 3293 LXXXVI.
1401 3225 1470 3304 ³³)
1515 3223 1598 3291 V.
1637 3226 1711 3292 C.
1754 3226 1880 3307 782
1929 3228 2013 3306 9).
2084 3222 2331 3286 Mulier
2369 3220 2496 3283 fuit

992 3347 1269 3411 magnae
1329 3324 1607 3403 mentis,
1675 3345 1751 3388 ac
1810 3324 2106 3400 consilii,
2175 3336 2241 3386 at
2302 3322 2497 3386 simul

992 3426 1319 3512 regnandi
1380 3425 1603 3503 avida,
1680 3445 1878 3509 quem
1939 3427 2008 3488 in
2066 3425 2268 3489 finem
2327 3423 2499 3489 cavit

874 3579 880 3584 -
994 3530 1283 3607 solicite,
1339 3541 1414 3592 ut
1454 3527 1733 3611 Augusti
1773 3526 2305 3593 benevolentiam
2346 3545 2498 3611 per·

990 3645 1196 3716 petuo
1252 3642 1708 3707 conservaret,
1768 3629 1943 3716 quod
1993 3641 2345 3693 consecuta
2392 3639 2496 3690 est

993 3733 1335 3801 sanctitate
1396 3730 1628 3794 domus
1688 3732 1977 3813 priscum
2050 3732 2131 3793 ad
2202 3750 2491 3805 morem,

993 3849 1063 3899 et
1129 3835 1450 3921 exquisita
1513 3830 1861 3918 pudicitia,
1904 3824 2287 3906 comitate,
2362 3832 2489 3896 viri

2628 986 2926 1053 mandata
2972 985 3398 1075 exsequendo
3446 981 3790 1065 lubenter,
3845 980 4121 1072 eiusque

2627 1112 2829 1175 vagos
2869 1096 3168 1167 ainores,
3222 1103 3525 1174 tanquam
3566 1087 3889 1166 nesciret,
3933 1087 4122 1152 dissi-

2623 1191 2933 1256 mulando
2975 1189 3052 1275 f).
3120 1190 3305 1254 Nihil
3362 1211 3494 1254 non
3551 1189 3727 1273 egit,
3784 1201 3859 1253 ut
3912 1188 4122 1254 filium

2626 1294 2969 1357 Tiberium
3022 1293 3285 1377 imperii
3329 1291 3645 1354 heredem
3700 1289 4122 1374 designaret3

2624 1408 2692 1458 at
2772 1394 3112 1460 obstabant
3190 1393 3584 1470 Marcellus,
3671 1393 3897 1477 Cujus,
3980 1394 4120 1457 Lu·

2621 1496 2798 1576 cius,
2855 1496 3151 1580 Agrippa
3191 1497 3576 1567 Postumus,
3643 1515 3922 1577 quorum
3969 1514 4122 1579 pro·

2619 1580 2806 1681 picra
2841 1616 2965 1682 per
2994 1596 3276 1681 Augusti
3310 1615 3609 1661 sororem
3645 1608 3713 1658 et
3744 1594 3945 1659 filiam
3977 1595 4122 1660 fue·

2618 1717 2697 1761 re
2745 1695 2928 1780 jura,
2986 1717 3266 1783 quorum
3318 1698 3608 1760 omnium
3653 1698 3883 1762 mortis
3927 1686 4119 1783 prae·

2620 1811 2913 1864 maturae
2989 1799 3301 1864 invidiam
3375 1799 3559 1865 Livia
3630 1820 3767 1863 non
3835 1798 4115 1863 obscure

2619 1902 2768 1964 tulit
2810 1901 2896 1982 g).
2978 1898 3202 1992 Quare
3262 1922 3408 1965 eam
3458 1921 3730 1987 gravem
3786 1905 3860 1965 z'n
3913 1922 4113 1986 remp.

2619 2014 2900 2067 matrem
2923 2044 2942 2080 ,
2999 2068 3002 2073 ,
3009 2007 3393 2084 graviorem
3463 2006 3693 2067 domui
3759 2004 4115 2068 Caesarum

2616 2124 2966 2169 novercam
3015 2101 3178 2168 dixit
3234 2105 3495 2169 Tacitus
3539 2101 3630 2187 11).
3708 2103 4120 2170 Credebam

2618 2206 2815 2271 etiam
2867 2205 3070 2290 ipsius
3115 2206 3396 2292 Augusti
3444 2220 3728 2269 mortem
3777 2206 4114 2271 medicatis

2615 2308 2867 2377 ficubus
2937 2321 3330 2386 maturasse,
3390 2306 3567 2394 quod
3624 2308 3906 2394 suspicio
3957 2308 4112 2385 suit,
4181 2370 4196 2381 ,

2616 2430 2767 2475 eum
2806 2430 2956 2473 cum
2995 2408 3290 2494 Agrippa
3340 2413 3534 2474 exule
3582 2410 3652 2473 in
3677 2409 3971 2495 gratiam
4003 2429 4115 2474 re-

2614 2509 2903 2574 diturum
2948 2507 3020 2593 i).
3120 2513 3308 2595 Ergo
3388 2527 3665 2597 propter
3744 2505 3859 2576 has
3935 2526 4113 2576 artes

2612 2611 2854 2675 merito
2906 2612 3174 2695 Vlyssis
3227 2617 3470 2677 stolati
3519 2635 3763 2679 nomen
3807 2613 4110 2691 abstulit,

2612 2712 2790 2800 quod
2829 2712 2893 2777 ei
2926 2737 2962 2797 a
2996 2713 3291 2797 Caligula
3325 2715 3597 2777 inditum
3636 2716 3849 2799 refert
3879 2716 4115 2780 Sueto·

2609 2815 2756 2878 nius
2795 2813 2884 2898 ιι).
2938 2815 3042 2878 Ab
3074 2818 3372 2901 Augusto
3416 2816 3739 2904 supremis
3768 2816 4004 2880 tabulis
4038 2817 4107 2879 in

2611 2931 2876 3001 gentem
2922 2916 3151 2980 Iuliam
3196 2917 3498 3003 adoptata
3547 2933 3698 3006 post
3744 2918 3885 3004 ejus
3933 2938 4109 2982 mor·

2609 3030 2746 3082 tem
2798 3024 3154 3104 Augusta,
3228 3035 3296 3084 et
3356 3022 3539 3084 Inita
3593 3020 3764 3086 dicta
3813 3018 3942 3098 est,
4016 3020 4102 3084 de

2611 3141 2741 3207 quo
2769 3118 2945 3184 infra
2984 3123 3174 3207 plura
3219 3121 3735 3207 disputabuntur.
3802 3122 3940 3185 Sub
3983 3120 4104 3184 filii

2608 3223 2977 3308 principatu
3030 3225 3232 3287 multa
3283 3223 3624 3288 ambitiose
3673 3245 3748 3288 ac
3794 3244 4105 3309 arrogan-

2608 3337 2717 3388 ter
2748 3325 2927 3409 egit,
2969 3324 3300 3410 rebusque
3346 3348 3417 3390 se
3453 3326 3732 3410 publicis
3767 3326 4105 3410 propalam

2610 3425 2872 3489 miscuit
2900 3428 3267 3492 reluctante
3299 3429 3461 3491 licet
3497 3429 3665 3505 filio,
3707 3427 3826 3491 sed
3858 3427 3940 3492 ad
3973 3429 4106 3492 vim

2608 3527 2937 3607 tardiore,
3001 3530 3306 3616 quoniam
3361 3529 3716 3615 imperium
3758 3530 3950 3594 matri
3991 3529 4110 3595 de·

2602 3629 2768 3694 buit.
2854 3632 3033 3694 Ausa
3106 3633 3496 3716 aliquando,
3583 3653 3732 3696 cum
3807 3633 4103 3718 effigiem

2603 3732 2691 3796 D.
2739 3733 3014 3817 Augusti
3082 3732 3457 3811 dedicaret,
3527 3735 3782 3798 Tiberii
3851 3754 4100 3799 nomen

2603 3854 2725 3899 suo
2784 3835 3231 3923 postscribere
3276 3834 3349 3921 ¹).
3438 3837 3607 3900 Saue
3672 3836 3813 3920 ejus
3875 3837 4096 3900 taedio

1065 4123 1129 4194 a)
1166 4119 1428 4181 Velleius
1460 4120 1526 4177 L.
1547 4119 1620 4177 11.
1656 4128 1816 4182 075·
1855 4120 2099 4178 Sueten.
2131 4116 2195 4173 in
2222 4116 2358 4177 Tib.
2393 4101 2520 4185 c.‘5.
2722 4120 2796 4192 b)
2832 4120 3096 4180 Velleius
3128 4119 3167 4180 l.
3191 4140 3256 4178 c:
3283 4122 3418 4179 Dio.
3462 4193 3466 4199 .
3619 4124 3685 4197 c)
3718 4120 3913 4180 Tacit.
3944 4122 4100 4182 Anu.

988 4213 1063 4270 V.
1089 4231 1140 4269 c.
1175 4225 1224 4272 ι.
1425 4211 1495 4283 d)
1536 4209 1781 4268 Sueten.
1818 4209 1879 4268 in
1917 4209 2069 4286 Aug.
2094 4209 2257 4272 c.6².
2447 4212 2522 4281 ve)
2560 4208 2754 4269 Tacit.
2785 4209 2825 4272 l.
2847 4233 2898 4272 c.
2949 4213 3063 4270 Dio
3094 4211 3385 4270 L.1.¹V111.
3417 4214 3469 4283 §.
3489 4223 3543 4273 2.
3742 4213 3799 4287 s)
3836 4215 4098 4283 Tacitus,

988 4303 1105 4358 Dio
1132 4301 1209 4359 ΙΙ.
1236 4318 1324 4359 cc.
1410 4308 1417 4315 '
1524 4301 1592 4377 g)
1628 4299 1892 4367 Tacitu5‚
1920 4299 2054 4358 Dio.
2252 4295 2326 4369 11)
2356 4296 2512 4356 Anu.
2536 4298 2583 4357 1.
2606 4313 2693 4364 ιο.
2861 4306 2868 4311 “
2903 4301 2953 4375 ἱ)
2980 4302 3169 4360 Tacit.
3197 4302 3427 4362 Annffl.
3454 4313 3506 4366 5.
3534 4302 3647 4361 Dio
3669 4300 3740 4359 1..
3761 4303 3909 4363 LVI.
3935 4307 3988 4376 ᾧ.
4007 4317 4097 4370 50.

989 4390 1065 4463 k),
1101 4392 1161 4448 iu
1195 4390 1383 4468 Calig.
1415 4403 1576 4454 ολδ.

1773 4388 1826 4463 l)
1865 4389 2055 4447 Tacit.
2083 4389 2237 4446 Ann.
2269 4386 2371 4446 111.
2408 4408 2457 4446 c.
2477 4392 2569 4454 64.

1060 4502 1124 4571 ⁴¹)
1164 4497 1388 4556 Plinius
1427 4496 1624 4554 Liviae
1663 4515 1845 4555 annos
1883 4496 2095 4555 tribuit
2132 4491 2420 4554 duntaxat
2452 4495 2736 4556 Lxxxn.
2775 4496 2869 4570 (L.
2887 4496 3041 4556 XIV.
3075 4500 3235 4571 αδ.)
3272 4510 3329 4554 at
3367 4518 3500 4556 cum
3537 4517 3610 4555 ex
3647 4498 3932 4558 Suetonio
3969 4499 4094 4558 sere

1137 4598 1365 4642 certum
1403 4587 1508 4656 sit,
1547 4608 1677 4644 cam
1717 4588 2022 4647 Tiberium
2060 4587 2292 4644 enixam
2329 4604 2531 4642 mense
2570 4586 2899 4645 Novembri
2935 4588 3007 4646 V.
3039 4590 3108 4645 C.
3139 4602 3277 4659 712,
3317 4602 3694 4666 sequeretur,
3737 4609 3891 4648 anno
3929 4589 4092 4647 illam

1134 4675 1340 4732 aetatis
1376 4673 1476 4733 XI.
1514 4679 1611 4734 vix
1649 4677 1944 4756 completo
1983 4676 2254 4754 nupsisse
2292 4674 2569 4745 Tiberio,
2595 4675 2777 4755 ‚quod
2810 4676 3215 4740 Romanorum
3250 4677 3515 4738 moribus
3557 4677 3934 4739 adven-saun<
3961 4681 4094 4743 ·Ve·
4151 4702 4170 4715 ·

1128 4767 1255 4825 rior
1292 4765 1707 4843 ignat-‘Dionis
1743 4767 2063 4838 sententia,
2105 4785 2284 4845 quam
2322 4765 2515 4827 citavi.
