4509 5584
1553 605 2192 712 ammove.

320 773 670 851 cabantur,
738 774 917 857 quod
982 794 1363 856 persuasum
1417 765 1542 837 fuit
1591 776 1815 841 Dioni.

322 874 659 969 Quidquid
700 877 863 955 erit,
908 893 963 940 'e
1005 877 1170 941 vivis
1226 867 1551 939 'sublatum
1589 878 1819 940 immo-

325 976 584 1058 derate,
622 1000 697 1046 ac
734 978 1149 1044 muliebriter
1178 976 1397 1053 flevit,
1439 999 1657 1066 neque
1696 994 1829 1044 sta--

321 1094 465 1142 tuas
526 1081 726 1146 modo
787 1102 912 1167 per
972 1094 1184 1146 totum
1228 1080 1581 1166 imperium
1639 1079 1827 1145 dedi«

322 1181 524 1260 cavit,
568 1182 689 1247 sed
721 1181 954 1247 urbem
988 1183 1185 1247 etiam
1224 1182 1293 1245 iu
1322 1186 1628 1269 Aegypto
1656 1198 1822 1248 stru-

276 1321 281 1326 ·
322 1285 419 1347 xit
453 1284 533 1348 ab
566 1286 707 1370 ejus
743 1287 1015 1349 nomine
1058 1285 1294 1350 dictam
1322 1286 1820 1371 Antinoopolin.

323 1387 541 1451 Etiam
589 1388 769 1453 sidus
802 1408 1081 1466 novum,
1126 1401 1237 1451 aut
1283 1388 1458 1473 quod
1506 1389 1634 1452 tale
1674 1406 1821 1452 esse

323 1488 706 1569 videbatur,
770 1489 1042 1553 Antinoi
1090 1490 1393 1568 nomine,
1469 1489 1647 1576 quod
1703 1490 1825 1553 bo-

323 1593 564 1677 dieque
610 1604 925 1676 usurpant
964 1591 1250 1658 Vraniae
1312 1591 1469 1670 filii,
1552 1590 1818 1656 adfecit.

324 1698 503 1760 Tum·
538 1714 700 1759 vero
741 1692 1006 1778 cognito
1049 1692 1365 1757 Hadriani
1407 1694 1590 1759 luctu
1615 1694 1823 1779 patuit

320 1797 729 1862 Graecorum
756 1796 1092 1880 ingenium
1124 1817 1389 1881 semper
1415 1797 1573 1860 alias
1611 1797 1679 1858 in
1708 1794 1825 1858 ob-

202 1965 213 1970 ,
323 1897 552 1984 sequia
591 1917 946 1983 praeceps,
1002 1912 1067 1961 at
1114 1898 1314 1962 modo
1367 1898 1650 1982 turpiter
1687 1916 1826 1960 ser·

320 2002 476 2069 vile.
547 2000 836 2069 Videres
873 2013 1198 2063 certantes
1242 1997 1475 2077 urbes,
1518 2019 1640 2063 seu
1672 2018 1824 2063 cum

322 2103 682 2166 Antinoum
745 2102 1015 2166 volente
1082 2100 1417 2166 Hadriano
1482 2111 1829 2166 consecra}

321 2218 493 2282 rent,
534 2226 654 2269 seu
687 2221 836 2268 cum
877 2202 1178 2268 omnibus
1225 2203 1387 2269 vicis
1420 2202 1562 2289 ejus
1594 2200 1823 2288 imagi·

320 2327 442 2372 nes
472 2319 960 2392 proponerent,
995 2328 1139 2371 aras
1158 2353 1175 2384 ,
1208 2307 1488 2392 templa,
1521 2303 1825 2370 sacerdo-

318 2423 456 2486 tes,
495 2408 887 2493 prophetas,
936 2408 1289 2474 certamina
1324 2408 1644 2494 gymnica,
1680 2428 1823 2472 ora·

322 2511 470 2576 cula
524 2511 1034 2589 constituerent,
1097 2530 1502 2575 summorum
1542 2509 1820 2575 deorum

320 2612 683 2698 insignibus
732 2613 1161 2692 decorarent,
1207 2611 1451 2676 illustri
1494 2633 1705 2697 saepe
1726 2612 1823 2674 in-

321 2729 425 2778 ter
469 2715 593 2779 hos
642 2715 793 2780 loco
831 2705 1216 2799 'adsignatm
1286 2714 1543 2800 qualem
1589 2714 1819 2779 videre

322 2831 424 2882 est
446 2816 516 2880 in
541 2817 795 2881 celebri
818 2815 1705 2903 epigrammateGruteriauo
1738 2817 1819 2896 ⁸),

328 2919 505 3004 quod
631 2916 1145 2986 ANTINOmI.
1251 2913 1825 2982 ΟΤΝΘΡΟΝωΙ

326 3017 571 3086 ΤωΝ.
611 3017 758 3086 ΕΝ.
806 3016 1317 3088 ΑῙΓΤΠΤωῙ.
1366 3014 1670 3084 ΘΕωΝ.
1711 3014 1819 3080 Μ.

324 3117 779 3190 o'rAmOC.
853 3117 1531 3186 AnoAAeoNIoc.
1603 3115 1826 3182 ΠΡΟ-

325 3217 693 3304 ΦΗΤΗΟ,
760 3228 1068 3290 Antinoo
1129 3225 1467 3288 adsessori
1522 3226 1787 3286 deorum
1807 3265 1825 3299 ,

327 3348 491 3408 quos
537 3330 895 3413 Aegyptus
941 3329 1137 3403 colit,
1188 3326 1291 3391 M.
1332 3326 1573 3409 leius
1629 3323 1831 3404 Apol-

327 3433 555 3492 lonius
607 3415 934 3513 propheta
1010 3426 1366 3506 dedicavit,
1428 3440 1538 3492 aut
1599 3443 1744 3490 cum
1790 3447 1830 3489 a

319 3529 721 3623 'Tertuliauo
781 3533 1026 3614 synodi
1086 3534 1281 3611 deus,
1357 3549 1477 3594 seu
1541 3527 1610 3591 in
1688 3528 1830 3611 ipsa

327 3632 608 3697 deorum
694 3631 971 3697 concilia
1045 3631 1363 3697 admissus
1444 3630 1685 3720 dicitur
1739 3625 1829 3709 ι>).

328 3734 532 3800 Plura
588 3736 730 3821 ejus
788 3733 1092 3800 vesaniae
1149 3748 1531 3821 argumenta
1587 3733 1654 3796 in
1711 3753 1828 3795 nu·

326 3856 589 3902 morum
644 3835 1080 3922 explicatione
1122 3850 1595 3924 proponentur.
1668 3836 1832 3899 Per-

327 3959 594 4004 versum
648 3938 822 4002 hunc
868 3939 935 3999 in
969 3937 1339 4018 Hadriano,
1384 3935 1825 4023 subjectisque

328 4041 594 4127 populis
637 4041 1001 4105 animorum
1043 4039 1332 4105 habi-tum
1379 4061 1512 4105 nou
1568 4038 1836 4103 mirabi-

326 4157 470 4222 tur,
535 4144 642 4214 cui
683 4164 816 4208 non
867 4145 1093 4230 ignota
1154 4156 1339 4216 sunt,
1402 4162 1568 4230 quae
1619 4141 1827 4204 multo

329 4259 479 4311 ante
540 4246 920 4311 Alexander
966 4250 1092 4324 M„
1161 4245 1439 4332 ejusque
1489 4256 1826 4336 comperta

335 4348 671 4413 voluntate
724 4350 1022 4414 nationes
1076 4361 1306 4412 omnes
1344 4348 1413 4414 in
1466 4345 1830 4411 decernen-

330 4448 428 4513 dis
474 4465 735 4516 mortuo
776 4451 1254 4535 Hephaestioni
1288 4448 1647 4514 honoribus
1677 4467 1831 4511 con·

403 4752 464 4808 a}
504 4750 754 4826 Peg-86.
796 4765 840 4809 ι.
964 4746 1038 4813 b)
1074 4745 1392 4823 Apologet.
1424 4763 1474 4801 c.
1500 4755 1582 4809 13.
1710 4745 1772 4810 ο)
1813 4742 1889 4804 de
1918 4762 2040 4803 uon
2062 4755 2203 4805 tem.
2240 4743 2399 4800 cred.
2432 4742 2685 4801 calumn.

846 4841 911 4909 e)
951 4838 1152 4896 Contr.
1185 4836 1520 4909 symmach.
1548 4834 1614 4892 1..
1637 4833 1680 4893 l.
1712 4855 1766 4893 v.
1788 4847 1914 4899 271.

328 4842 468 4898 edit.
504 4840 699 4898 Oxou.

412 4951 599 5060 (Vct.
639 4948 787 5027 VI.)

3281 621 3432 704 329

1933 776 2303 841 stituerunt.
2391 771 2682 850 Confer,
2709 799 2716 805 ⁵
2743 791 2910 858 quae
2955 772 3038 835 de
3081 772 3214 837 bac
3249 776 3455 860 regis·

1933 875 2312 941 Macedonis
2385 876 2769 962 impotentia
2839 876 3200 939 memoriae
3282 898 3438 960 pro-

1935 979 2099 1042 didit
2131 977 2458 1043 Luciauus
2489 981 2586 1061 ο),
2631 993 2701 1043 et
2743 977 3086 1062 miraberis
3138 977 3206 1039 in
3253 979 3440 1043 'utro-

1934 1102 2066 1167 que
2117 1080 2393 1165 disparis
2440 1083 2668 1148 aetatis
2719 1082 2892 1147 facto
2940 1103 3168 1165 parem
3217 1094 3438 1167 stupo-

1935 1203 2119 1261 rem,
2198 1198 2266 1247 et
2333 1185 2659 1270 geminam
2732 1184 3243 1268 impudentiam,
3313 1184 3440 1248 nisi

1938 1285 2115 1370 quod
2141 1286 2452 1351 Pellaeus
2483 1286 2741 1368 juvenis
2787 1287 3065 1349 inten‘dit
3115 1286 3446 1360 furorem,

1933 1408 2086 1451 cum
2147 1388 2428 1473 capitale
2484 1401 2696 1467 esset,
2756 1390 2939 1452 nolle
2996 1388 3432 1471 Hephaestio-

1934 1511 2088 1555 nem
2122 1490 2321 1570 deum
2341 1489 2647 1567 credere,
2678 1490 2948 1578 etlbunc
2985 1503 3245 1576 quoque
3283 1510 3442 1567 παρ·

1938 1584 2106 1672 εδρον
2141 1617 2240 1654 και
2278 1589 2644 1672 das-§muot-
2664 1595 2822 1656 θεον.
2884 1589 3082 1687 Quod
3114 1611 3275 1657 vero
3314 1591 3441 1654 mi·

1937 1691 2211 1757 randum
2246 1693 2515 1779 ‘magis,
2576 1695 2683 1761 hic
2731 1693 3001 1758 Antinoi
3049 1693 3262 1758 cultus
3316 1712 3435 1755 ne·-

1938 1815 2259 1879 quaquam
2296 1797 2733 1880 temporarius
2777 1797 2933 1872 fuit3
2979 1817 3125 1860 nam
3169 1807 3445 1859 testatur

1904 1897 2251 1992 ⁴Clemens
2283 1899 2768 1963 Alexandrinus
2800 1895 2901 1979 d),
2947 1920 3061 1961 sua
3091 1897 3301 1961 adhuc
3337 1916 3452 1959 ae·

1940 2008 2073 2061 tate
2111 2019 2327 2063 sacras
2363 1999 2631 2063 Antinoi
2658 2013 2891 2064 noctes
2932 1997 3223 2066 durasse.
3289 1999 3446 2062 Fuit

1936 2113 2158 2164 tamen
2193 2102 2358 2166 baec
2385 2100 2793 2166 Graecorum
2830 2102 3145 2177 amentia,
3190 2123 3315 2187 qua
3350 2101 3456 2162 dia«

1937 2201 2126 2268 vinos
2147 2203 2437 2269 honores
2462 2203 2861 2290 praestitere
2889 2205 3147 2287 impuro
3165 2203 3448 2267 Hadria-

1936 2304 2006 2366 ni
2054 2305 2398 2385 catamito,
2454 2327 2537 2371 eo
2596 2307 2812 2384 utilis,
2875 2306 3052 2391 quod
3110 2305 3448 2370 ecclesiae
3533 2383 3541 2389 ,
3591 2287 3644 2336 ‘-

1938 2406 2345 2482 Christianae
2375 2408 2669 2494 patribus
2710 2428 3006 2493 campum
3049 2408 3307 2494 aperuit
3342 2429 3448 2471 su-

1939 2508 2209 2594 gillandi
2254 2509 2735 2595 superstitionis
2788 2512 2951 2576 ritus
2979 2555 2997 2586 ‚
3072 2510 3277 2595 ipsam
3330 2510 3448 2571 im»-
3503 2531 3512 2538 ’

1934 2612 2278 2696 pietatem,
2335 2633 2410 2677 ac
2450 2616 2710 2678 seelera
2758 2614 3223 2678 consecrantis.
3310 2615 3442 2673 Lu-

1934 2714 2051 2776 bet
2130 2714 2384 2778 omissis
2432 2715 2575 2778 aliis
2636 2714 2861 2778 audire
2922 2716 3083 2778 Aur.
3130 2712 3443 2778 Pudentii

1936 2818 2189 2878 Musam
2222 2816 2320 2880 sie
2355 2828 2704 2880 canentem
2732 2819 2830 2897 0)=

2074 2918 2263 3001 Quid
2316 2919 2558 2999 loquat·
2601 2918 2984 2981 Antinoum
3040 2918 3317 2994 coelesti
3374 2920 3447 2979 in

2792 3020 2947 3081 sede
2979 3020 3336 3082 locatum?

2069 3119 2278 3184 Illum
2321 3120 2606 3185 delicias
2631 3151 2636 3152 ff
2659 3142 2837 3185 nune
2892 3123 3035 3186 dim·
3083 3122 3458 3204 prinec'pis,

2787 3224 2987 3289 illum

2079 3323 2410 3406 Purpureo
2454 3328 2529 3390 in
2563 3328 2825 3409 gremio
2865 3323 3228 3408 spoliatum
3266 3334 3450 3386 sorte

2377 3429 2391 3441 '
2793 3427 3014 3504 virili,

2009 3521 2016 3534 ’
2077 3525 2548 3609 Hadrianique
2598 3530 2711 3594 dei
2767 3527 3218 3613 Ganymedem
3238 3571 3264 3603 ,
3315 3547 3447 3588 non

2795 3631 3082 3716 cyathos
3110 3630 3219 3692 dis

2073 3736 2402 3818 Por-gere,
2446 3735 2570 3797 sed
2593 3733 2811 3798 medio
2843 3733 3263 3796 recubantem
3300 3752 3448 3793 cam

2733 3855 2746 3866 ·
2799 3835 3195 3919 Iove-fidere

2074 3934 2385 4000 Neo-tanis
2473 3938 2802 4000 ambrosii
2877 3955 3141 4000 sacrum
3211 3948 3452 4017 potare

2274 4074 2298 4108 e
2792 4029 3094 4118 Lyaeu'm
3112 4080 3136 4112 ,

2083 4139 2376 4219 Cumque
2438 4157 2560 4201 suo
2601 4139 2676 4200 in
2729 4137 2991 4219 templis
3047 4150 3226 4222 vota-
3247 4155 3456 4200 exau-

2792 4239 2940 4301 dire
2978 4243 3247 4300 marito.

1943 4344 2236 4420 Annum,
2314 4359 2444 4427 quo
2509 4358 2889 4425 supremum
2966 4338 3141 4403 diem
3208 4339 3446 4414 obivit,

1945 4446 2143 4511 elicio
2198 4444 2281 4512 V.
2329 4445 2406 4510 C.
2471 4442 2633 4522 883,
2697 4440 3102 4536 ut0monebo
3155 4442 3328 4505 infra
3376 4443 3442 4504 in

2831 4740 2903 4814 d)
2938 4740 3231 4818 Protrept.
3263 4757 3324 4818 p.
3352 4753 3440 4804 45.

2729 4945 2959 5008 Xxx
