4509 5584
1785 577 2123 655 NERO.

386 745 486 809 dis
531 743 852 822 mai-ibus,
909 689 1308 841 offodicbdis
1357 744 1686 812 montibus
1705 792 1723 826 ‚
1787 747 1884 811 in·

382 848 552 913 sanis
598 846 1150 911 substructionum
1190 845 1634 914 moliminibus
1666 870 1884 915 reser-

3368 592 3512 681 269

2122 745 2484 832 Vtriusque
2532 745 2907 831 superficiei
2945 746 3305 834 epigraphe
3343 769 3495 813 eon·

1996 848 2341 914 nectenda.
2448 851 2670 932 Typus
2743 847 3021 924 indicat,
3093 851 3217 913 hac
3288 850 3499 915 forma

383 964 590 1014 ναι-οι.
696 948 863 1014 Satis
919 961 1369 1033 compertum,
1434 949 1712 1016 instante
1754 951 1885 1036 jam
1999 964 2275 1015 statuam
2312 949 2514 1015 fuisse
2556 950 2805 1014 Neroni
2841 948 3140 1034 positam.
3204 952 3503 1017 Primum

382 1051 706 1129 Vindice,
751 1070 880 1136 quo
925 1051 1202 1115 maxime
1249 1065 1552 1136 tempore
1599 1054 1886 1117 conscri-

376 1150 632 1215 bendus
666 1166 843 1216 esset
876 1152 1094 1226 miles,
1130 1151 1283 1216 etin
1310 1153 1602 1219 rebelles
1634 1153 1876 1219 ducen-

378 1253 538 1329 dus,
604 1252 950 1318 advocatos
1027 1253 1338 1338 quosdam
1397 1276 1482 1321 ex
1544 1255 1871 1341 patribus,

376 1370 695 1420 transacta
745 1353 982 1437 raptim
1042 1357 1489 1421 consulatione
1547 1358 1868 1444 reliquam

380 1456 513 1518 diei
548 1471 807 1541 partem
851 1476 976 1540 per
1015 1476 1257 1541 organa
1293 1458 1672 1543 hydraulica
1698 1463 1874 1539 novi,

375 1570 444 1622 ct
488 1557 700 1640 ignoti
746 1558 1050 1642 generis,
1139 1581 1421 1645 quorum
1473 1563 1748 1625 formam
1805 1563 1874 1624 in

377 1660 590 1722 numis
633 1659 916 1722 Neronis
969 1661 1392 1725 contorniatis
1448 1661 1871 1743 intuebimur,

376 1760 923 1838 circumduxisso,
986 1763 1525 1849 prolaturumque
1572 1786 1645 1830 se
1704 1768 1873 1832 baec

375 1863 591 1927 omnia
626 1863 696 1925 in
742 1864 1071 1928 theatrum
1111 1864 1558 1934 adfirmavisse
1576 1911 1595 1946 ‚
1648 1872 1712 1932 si
1752 1892 1876 1953 per

380 1967 727 2027 Vindicem
763 1967 998 2030 liceret
1028 1969 1107 2048 ΙΙ).
1178 1970 1372 2030 Arae
1425 1971 1617 2033 Pacis
1667 1970 1876 2055 impe-

379 2080 566 2129 rante
603 2066 898 2149 Augu'sto
928 2089 1008 2130 ex
1047 2069 1113 2129 S.
1146 2067 1217 2130 C.
1254 2070 1532 2151 primum
1565 2075 1874 2135 constitu-

378 2181 524 2243 tae,
564 2182 630 2231 et
658 2182 809 2250 post
842 2168 1338 2254 quadriennium
1373 2170 1707 2236 dedicatae
1742 2196 1873 2238 me·

383 2270 711 2340 minet-unt
748 2269 1211 2333 Kalendarium
1242 2271 1758 2355 Amiterninum,
1805 2289 1873 2341 et

381 2371 878 2436 Praenestinum
897 2418 913 2449 ,
959 2387 1027 2438 et
1057 2371 1338 2439 Ovidius
1366 2371 1457 2459 ¹³).

373 2574 456 2636 D.
683 2573 954 2640 NERO.
984 2573 1350 2642 CAESAR.
1375 2577 1868 2648 AVGVSTVS.

675 2674 890 2755 Caput
913 2676 1315 2744 laureatum.

375 2774 870 2845 AVGVSTVS.
906 2775 1349 2845 AVGVSTA.
1388 2782 1751 2865 Augustus
1776 2793 1875 2843 to·

362 2882 821 2961 gatus'copite
842 2880 1109 2942 radiato
1138 2881 1330 2943 &tans
1355 2884 1419 2944 d.
1440 2897 1780 2965 pateram,
1816 2902 1870 2948 s.

376 2980 666 3058 hastam,
696 2982 810 3042 cui
839 2980 1066 3042 adstat
1090 2981 1295 3045 Livia
1314 2981 1638 3064 Augusta
1655 2987 1875 3065 capite

376 3084 599 3146 velato
632 3084 695 3143 d.
709 3092 1034 3161 pateram,
1064 3104 1120 3147 s.
1143 3084 1393 3166 duplex
1409 3087 1871 3168 cornua-apiae.

378 3181 524 3252 AV.
552 3182 696 3246 AR.
734 3182 932 3264 (Mus.
968 3182 1187 3265 Caes.)

498 3287 834 3369 Angustus
868 3296 938 3347 et
967 3284 1152 3349 Livia
1181 3285 1250 3347 in
1278 3285 1422 3349 aliis
1450 3302 1711 3370 quoque
1739 3282 1872 3345 Ne-

370 3387 553 3450 ronis
600 3399 669 3448 et
701 3382 1104 3469 Agrippinae
1150 3387 1363 3450 numia
1407 3408 1542 3452 non
1592 3386 1867 3450 multum

369 3486 648 3553 absimili
700 3486 884 3550 cultu
929 3485 1048 3550 sed
1099 3489 1407 3554 sedentes
1438 3489 1508 3550 in
1558 3488 1867 3572 elephan-

365 3604 584 3654 torum
624 3587 957 3674 quadrigis
997 3605 1479 3675 proponuntnr,
1512 3588 1598 3657 de
1630 3589 1864 3678 quibus

365 3695 477 3778 egi
503 3712 699 3776 supra
729 3689 799 3751 in
828 3703 1092 3757 moneta
1120 3691 1549 3788 Agrippinae.

361 3898 439 3959 F.
682 3891 952 3959 NERO.
1010 3895 1376 3963 CAESAR.
1463 3898 1678 3979 Caput
1714 3898 1858 3960 lau-

684 4011 966 4066 reatum.
1093 4009 1117 4034 '

358 4095 860 4167 AVGVSTVS
905 4099 1859 4184 GERuANlcvs.1mpera-

355 4214 464 4264 tor
505 4213 779 4284 togatus
830 4214 1024 4266 stans
1061 4206 1278 4287 capite
1331 4207 1601 4264 radiato
1646 4203 1709 4264 d.
1748 4221 1855 4262 ra-

351 4324 564 4379 mum,
620 4324 674 4365 s.
710 4303 1153 4369 Victor-lolam
1192 4326 1390 4389 super
1423 4306 1645 4387 gleba.
1705 4302 1849 4372 AV.

355 4407 497 4472 AR.
528 4408 730 4488 (Mus.
760 4403 980 4489 Caes.)

1997 1052 2174 1118 istud
2208 1057 2309 1117 est
2342 1051 2719 1135 exemplum
2764 1069 3050 1114 coronae
3089 1051 3374 1117 radiatae
3410 1054 3506 1119 vi-

1994 1155 2063 1221 vi
2120 1153 2538 1239 imperatoris
2616 1151 2811 1236 capiti
2883 1152 3258 1235 impositae,
3333 1175 3498 1239 quae

1991 1255 2233 1321 deinde
2280 1253 2718 1340 perfrequens
2754 1267 2856 1318 est
2900 1252 2970 1315 in
3008 1254 3217 1319 antica
3272 1273 3504 1320 numo·

1990 1380 2139 1421 rum
2173 1357 2458 1421 Neronis
2488 1358 2573 1423 11.
2610 1356 2882 1420 formae.
2960 1357 3333 1435 'l'ristanus,
3388 1357 3500 1440 qui

1988 1479 2260 1524 numum
2292 1458 2470 1522 bunc
2506 1457 2773 1542 copiose
2807 1458 3156 1524 illustravit
3203 1459 3262 1541 ο)
3288 1504 3306 1536 ,
3347 1477 3500 1521 cen·

1990 1576 2121 1639 set,
2204 1558 2490 1624 additam
2552 1558 2819 1638 ,Neroni
2854 1565 3200 1624 ‘coronam
3289 1558 3498 1624 radia-

1987 1674 2156 1741 tam,
2243 1659 2423 1749 quod
2500 1660 2644 1743 ipse
2714 1660 3009 1745 Apollini
3081 1660 3493 1747 aequiparari

1987 1764 2233 1840 voluit,
2299 1774 2366 1826 et
2424 1780 2662 1825 revera
2719 1761 2875 1827 huic
2913 1763 3145 1827 similis
3186 1776 3318 1826 tam
3360 1763 3495 1827 sor-

1985 1885 2094 1929 ana
2136 1865 2322 1931 velut
2364 1861 2522 1928 solis
2584 1863 2974 1944 exorientis,
3043 1885 3236 1949 qnam
3289 1877 3484 1928 cantu

1990 1966 2203 2031 dictus
2248 1978 2351 2030 est
2392 1986 2428 2028 a
2493 1964 2747 2029 Seneca
2779 1964 2865 2048 d).
2953 1966 3059 2028 Ad
3097 1966 3264 2030 haec
3309 1964 3495 2049 quin·

1991 2089 2118 2151 que
2181 2064 2386 2129 millia
2451 2066 2765 2143 militum,
2840 2088 3007 2152 quos
3074 2067 3489 2151 Augustanos

1992 2167 2296 2245 vocabat,
2372 2166 2742 2245 constituit,
2804 2170 2916 2255 qui
2960 2168 3034 2232 ei
3093 2170 3162 2231 in
3223 2170 3485 2233 theatro

1985 2271 2244 2334 canenti
2290 2267 2773 2333 adclamabant:
2834 2290 2870 2329 o
2904 2271 3207 2352 pulcru‘m
3242 2270 3486 2332 Caesa-

1986 2373 2165 2436 rem!
2194 2393 2234 2434 o
2272 2370 2661 2453 Apollinem
2682 2371 2711 2433 l
2759 2391 2796 2432 o
2827 2391 3032 2432 unum
3069 2370 3282 2432 veluti
3315 2369 3488 2450 Plas-

1987 2472 2250 2536 tlu‘um!
2278 2473 2337 2556 e)
2399 2472 2489 2534 At
2520 2491 2653 2533 non
2690 2470 3028 2548 existimo,
3072 2469 3325 2532 Neroni
3359 2469 3488 2533 hoc

1987 2572 2190 2637 decus
2221 2595 2342 2639 seu
2372 2596 2411 2638 a
2446 2572 2699 2636 formae
2735 2573 3079 2659 opinione,
3106 2577 3246 2636 ‘seu
3308 2570 3489 2634 tbea·

1985 2687 2240 2738 trorum
2299 2673 2566 2739 licentia
2613 2674 2909 2759 petitum.
3013 2673 3151 2736 Cur
3186 2672 3363 2735 enim
3418 2672 3490 2734 in

1986 2777 2234 2855 numis,
2317 2776 2385 2838 in
2449 2774 2681 2859 quibus
2744 2773 2861 2838 ille
2923 2774 3102 2838 omni
3157 2773 3488 2858 Apollinis

1989 2876 2357 2944 citharoedi
2410 2876 2591 2940 cultu
2634 2876 2913 2949 incedit,
2982 2875 3176 2960 hujus
3229 2875 3484 2940 formae

1988 3001 2233 3045 corona
2280 2977 2605 3044 abstinet?
2664 2980 2768 3040 An
2816 2996 2979 3042 vero
3011 2976 3203 3041 etiam
3236 2977 3481 3060 Vespa·

1991 3081 2206 3147 sianus
2234 3128 2253 3159 ,
2340 3080 2662 3145 Antonius
2718 3079 2914 3157 Pius,
3018 3082 3110 3142 M.
3166 3078 3482 3168 Aurelius

1953 3184 2298 3260 ⁸volebant:
2355 3180 2567 3249 videri
2623 3181 2872 3266 pulcri,
2946 3193 3055 3244 aut
3096 3179 3483 3260 citharoedi,

1981 3287 2291 3372 quoniam
2329 3299 2393 3348 et
2432 3283 2504 3345 hi
2528 3285 2739 3369 capite
2768 3282 3015 3348 radiato
3055 3283 3479 3365 comparent?

1984 3401 2092 3451 aut
2165 3387 2545 3472 praeclaros
2607 3385 2766 3462 bos,
2829 3384 3206 3471 probosque
3259 3385 3519 3467 Augu-3

1980 3501 2118 3552 stos
2166 3488 2454 3554 voluisse
2500 3487 2624 3552 sibi
2668 3486 2905 3565 decus,
2956 3486 3243 3563 Neroni,
3294 3485 3477 3568 cujus

1979 3590 2469 3656 detestabantur
2488 3590 2872 3653 memoriam
2890 3634 2909 3665 ,
2943 3610 2977 3652 a
3001 3588 3309 3652 vilissima
3332 3608 3479 3649 cau·
3524 3642 3535 3650 .

1975 3711 2047 3755 sa
2088 3707 2338 3775 partam
2404 3690 2699 3759 addere?
2801 3689 3188 3754 Tenendum
3250 3687 3475 3774 igitur,

1977 3794 2302 3877 placuisse
2360 3793 2614 3859 Neroni
2685 3792 3018 3856 bominum
3096 3791 3468 3862 vanissimo,

1973 3915 2047 3958 se
2123 3895 2470 3980 quemdam
2566 3896 2747 3962 velut
2824 3894 3020 3958 deum
3094 3916 3131 3957 a
3208 3893 3467 3978 populis

1968 3995 2230 4073 haberi,
2311 3998 2495 4080 cujus
2551 3996 2857 4070 honoris,
2931 4008 3039 4058 aut
3098 3995 3329 4058 saltem
3374 3992 3474 4056 di-

1968 4097 2159 4163 vinae
2194 4098 2577 4181 prosapiae,
2619 4111 2876 4161 certum
2919 4092 3232 4159 indicium
3280 4116 3467 4160 coro·

1967 4220 2052 4264 na
2108 4199 2353 4262 radiata
2410 4196 2581 4280 apud
2636 4199 2967 4260 Romanos
3021 4193 3330 4280 perinde,
3388 4216 3462 4260 ac

1966 4301 2261 4366 Graecos
2353 4297 2497 4364 fuit.
2602 4297 2710 4363 Sic
2788 4312 3085 4416 veterem
3158 4297 3463 4361 Latinum

1965 4401 2152 4468 finxit
2179 4400 2503 4487 Virgilius
2548 4399 2635 4486 ἦε

1065 4793 1080 4799 ,
1124 4728 1198 4801 b)
1235 4730 1390 4783 Fast.
1410 4723 1454 4782 1.
1480 4737 1604 4796 709.

1214 4817 1267 4888 s>
1307 4813 1601 4872 Anaxa.
1636 4819 1756 4876 162.

429 4730 494 4801 a)
534 4728 696 4787 Suet.
732 4736 887 4791 mat.

354 4820 418 4890 e)
454 4817 569 4876 Dio
601 4819 665 4877 L.
687 4817 831 4876 LXI.
867 4820 912 4892 §.
939 4829 1028 4878 20.

1846 4728 1907 4796 c)
1950 4725 2282 4782 Comment.
2315 4723 2382 4779 T.
2408 4722 2451 4780 l.
2481 4742 2538 4799 p.
2564 4734 2687 4783 Ἧι.

2927 4719 2994 4794 d)
3035 4721 3093 4776 in
3123 4718 3477 4812 Apocoloea
