4509 5584
1696 585 2323 716 oLAvm'v&

1069 800 1347 870 Numi.

466 1006 835 1073 commatis
870 1007 1160 1074 Romam·
1175 1031 1199 1072 .-

564 1213 654 1300 ‚¹⁰
697 1228 910 1276 aeneo
962 1214 1311 1281 1..formae
1352 1213 1421 1277 in
1470 1215 1691 1281 numis-
1730 1217 1953 1282 fratris

453 1312 790 1398 Caligulae
853 1336 1049 1401 supra
1104 1315 1187 1381 ad
1247 1337 1487 1382 annum
1541 1319 1626 1387 V.
1684 1319 1757 1386 C.
1820 1341 1965 1407 79⁰*

453 1419 786 1503 descripto
854 1431 1063 1483 exstat
1124 1418 1194 1481 in
1260 1418 1611 1487 consortio·
1644 1441 1949 1487 sororum

454 1520 786 1606 adscripto
812 1521 1078 1591 IVLIA.

468 1767 471 1776 ·
576 1729 745 1790 Item
795 1725 866 1789 in
907 1744 1112 1791 aureo
1152 1725 1466 1791 continuo
1506 1726 1603 1792 ibi
1650 1729 1949 1814 subjecte

448 1832 683 1915 juncta·
700 1849 854 1898 eum
890 1848 1131 1898 sorore
1156 1828 1542 1917 Agrippina.

3415 663 3563 730 253

2078 810 2447 874 Commate's
2468 810 2831 891 peregrz'ni.

2268 905 2697 975 ῙΘΤΛΙΑΝ.
2758 905 3053 976 ΝΕΑΝ.
3100 905 3570 980 PEPMANL

2268 1010 2479 1076 KOT.
2518 1006 2792 1074 MTTI.
2847 1013 3065 1094 &hput
3091 1013 3348 1079 Iuliae.

2068 1109 2149 1176 Γ.
2181 1108 2637 1178 ΚΑῙΣΑΡΑ.
2693 1106 3241 1179 ΣΕΒΑΣΤΟΝ.
3287 1113 3569 1188 MTTI.

2075 1216 2396 1297 Caligula
2419 1215 2680 1277 velatus
2714 1228 2904 1279 stans
2933 1218 2998 1280 d.
3022 1229 3352 1300 pateram.
3427 1222 3568 1285 ΑΕ.

2067 1319 2179 1386 ΙΙΙ.
2223 1315 2508 1401 (Seguin
2539 1316 2735 1382 Num.
2775 1315 2894 1379 ael.
2927 1338 2991 1399 p.
3027 1320 3167 1383 128.
3207 1320 3440 1405 vain.)

2192 1418 2454 1484 Dicitur
2513 1417 2583 1480 in
2654 1418 2786 1482 hoo
2849 1437 3049 1483 numo
3095 1422 3279 1483 Iulia
3316 1424 3568 1503 suntor,

2065 1542 2216 1584 nam
2281 1518 2605 1604 superfuit
2668 1533 2807 1583 tum
2867 1519 3080 1585 adhue
3139 1522 3303 1588 Iulia
3349 1528 3573 1593 senior

2062 1621 2267 1685 Drusi
2297 1622 2433 1706 jun.
2464 1620 2633 1698 filia,
2676 1607 3264 1707 utratfueaesubinde
3296 1648 3332 1692 a
3380 1627 3574 1693 Cfau·

2034 1721 2175 1786 ·dio
2230 1740 2441 1787 caesa.
2502 1723 2656 1787 Fuit
2703 1725 2910 1788 Lesbi
2949 1726 3219 1790 urbibus
3260 1727 3429 1793 ratio
3458 1730 3574 1797 de·

2063 1824 2327 1896 dicandi
2372 1823 2527 1889 huie
2565 1824 2765 1891 Iuliae
2811 1843 3184 1907 monetam,
3225 1848 3375 1898 cum
3420 1847 3584 1904 nata»

1938 1917 1954 1926 ’
2060 1926 2362 1995 fueritin
2398 1925 2524 1995 hae
2557 1927 2908 2011 insularut
2947 1929 3255 2000 diximus.

1615 2296 1736 2361 TI.
1820 2293 2440 2361 CLAVDIVS.

575 2480 779 2542 Natus
809 2475 1116 2562 Lugduni
1150 2474 1401 2540 Galliae
1443 2476 1528 2543 V.
1563 2476 1635 2541 C.
1673 2485 1801 2560 744
1833 2475 1957 2541 Ra·

451 2581 667 2645 lendis
705 2580 984 2664 Augusti
1015 2591 1201 2662 patre
1222 2579 1443 2641 Druso
1476 2578 1739 2643 seniore
1756 2625 1787 2657 ‚.
1825 2599 1952 2644 ma·

450 2698 553 2748 tre
635 2683 956 2759 Antonia,
1039 2681 1387 2764 dictusque
1465 2680 1565 2744 Ti.
1630 2681 1959 2745 Claudius

456 2786 725 2850 Drusus
769 2788 850 2866 ⁸).
897 2784 956 2846 A
992 2791 1199 2866 puero
1228 2781 1402 2845 inter
1433 2781 1957 2845 sinistramvale-

450 2885 785 2964 tudinem,
847 2899 1124 2961 metum,
1183 2883 1501 2947 mulieres
1555 2885 1956 2962 Liviamret

452 2990 836 3065 Antoniam,
901 3000 971 3051 et
1018 2986 1187 3053 viles
1244 2985 1666 3070 paedagogos
1721 2986 1958 3052 eduea-

454 3107 560 3156 tus
617 3106 995 3176 stuporem,
1059 3110 1135 3153 ae
1195 3087 1564 3153 socordiam
1621 3089 1952 3173 praetulit,

432 3195 545 3259 sie
588 3208 662 3258 ut
719 3206 929 3258 mater
986 3212 1137 3255 enm
1195 3204 1572 3276 portentum
1627 3190 1953 3307 hominis,

453 3312 524 3362 et
579 3321 616 3362 a
671 3310 899 3359 natura
965 3294 1338 3360 inchoatum
1407 3306 1695 3371 tantum,
1779 3311 1857 3355 ae
1900 3289 1957 3354 si

454 3421 650 3487 quem
705 3398 911 3464 vellet
947 3396 1289 3460 socordiae
1325 3415 1653 3480 argu-ere,
1708 3394 1959 3458 stultio-

452 3524 597 3567 rem
631 3501 773 3564 filio
815 3521 935 3564 auo
974 3497 1248 3562 Claudio
1297 3498 1524 3562 dicere
1567 3498 1823 3562 soleret
1863 3494 1952 3578 b).

454 3605 677 3699 Quare
729 3601 1073 3687 neglectus
1120 3600 1202 3665 ab
1243 3601 1389 3685 ipso
1445 3600 1744 3685 Augusto
1787 3596 1962 3660 nihil

451 3721 719 3791 praeter
769 3717 1123 3788 auguratus
1160 3705 1486 3768 lionorem
1526 3700 1828 3777 abstulit,
1887 3711 1967 3763 et

449 3810 649 3873 heres
719 3806 979 3873 nonnisi
1044 3807 1222 3872 inter
1279 3806 1547 3882 tertios,
1620 3825 1697 3869 ae
1741 3821 1971 3887 paene·

456 3922 805 3972 extraneos
870 3902 1141 3966 relictus
1186 3906 1271 3987 ο).
1332 3910 1598 3970 Mortuo
1647 3905 1948 3987 Augusto

455 4007 694 4072 sodalis
746 4005 1121 4090 Augustalis
1181 4007 1550 4071 nominatus
1594 4003 1713 4087 Β).
1773 4020 1950 4069 oete-

456 4131 602 4173 rum
635 4132 684 4173 a·
701 4123 933 4195 patruo
975 4107 1248 4172 Tiberio
1281 4108 1360 4172 ab
1397 4106 1719 4183 omnibus,
1779 4127 1946 4190 quae

452 4212 783 4295 petierat,
832 4210 1002 4294 reip.
1055 4210 1293 4274 muniis
1342 4212 1650 4276 exclusus
1696 4208 1947 4291 abjecta

450 4334 568 4399 spe
604 4313 931 4398 dignitatis
973 4314 1151 4390 otio,
1212 4310 1519 4378 ebrietati
1537 4357 1574 4391 ,.
1599 4310 1948 4376 contuber-

450 4416 1181 4481 nio-sordidissimorum
1197 4415 1535 4478 hominum
1552 4434 1624 4478 so
1642 4413 1825 4477 dedit
1860 4415 1943 4499 e).

522 4686 586 4758 a)
625 4686 789 4743 Suet.
823 4705 874 4745 e.
895 4697 948 4749 2.
976 4687 1093 4743 Dio
1122 4685 1188 4742 L.
1206 4684 1323 4743 Lx,
1367 4685 1417 4760 §.
1437 4694 1489 4748 5.

451 4775 604 4833 Ann.
623 4775 669 4834 1.
687 4786 797 4840 54..
955 4781 1019 4852 e)
1060 4777 1220 4834 S'uet.
1261 4795 1310 4835 c.
1334 4785 1386 4838 5.

1662 4671 1732 4755 b}
1777 4680 1937 4740 suet.
1974 4699 2029 4739 c.
2047 4692 2102 4746 3.
2142 4679 2257 4737 Dio
2289 4680 2329 4737 1.
2353 4699 2403 4738 c.
2434 4684 2486 4753 ς.
2502 4693 2555 4746 5.

1556 4774 1611 4845 s)
1653 4770 1816 4830 Suet.
1851 4791 1902 4830 c.
1920 4784 1975 4834 7.

2072 2476 2402 2561 Caligula,
2479 2475 2604 2559 qui·
2633 2478 2864 2560 primo¹
2913 2478 3188 2562 imperii
3222 2500 3394 2545 anno
3435 2496 3578 2545 taur·
3612 2505 3617 2510 ·

2070 2579 2346 2642 mortuis
2393 2598 2478 2640 ex
2526 2576 2771 2643 Familia
2808 2603 2957 2660 sua,
3019 2603 3208 2668 quam
3245 2582 3413 2648 vivis
3451 2583 3569 2649 ho·

2070 2700 2273 2743 nores
2320 2698 2548 2743 omnes
2599 2679 2867 2759 detulit,
2946 2697 3251 2766 patruum
3307 2706 3586 2770 quoque

2071 2781 2415 2846 Claudium
2452 2780 2724 2861 extulit,
2783 2796 2853 2847 et
2900 2783 2983 2852 V.
3034 2785 3107 2851 C.
3160 2806 3289 2869 790
3321 2785 3390 2849 in
3418 2808 3590 2852 eon-

2071 2883 2286 2947 sulatu
2335 2881 2615 2947 suffecto
2652 2884 2996 2967 conlegam
3027 2906 3064 2948 a
3091 2885 3404 2951 Kalendis
3440 2888 3570 2954 Iul.

2068 2981 2136 3046 in
2185 2984 2378 3047 binos
2423 3005 2685 3049 menses
2726 2985 3033 3060 adscivit,
3104 3000 3174 3050 et
3227 2988 3582 3052 consulem

2067 3087 2308 3150 iterum
2339 3087 2405 3149 in
2438 3108 2674 3150 annum
2711 3089 2825 3157 IV.
2858 3085 3224 3171 designavit
3259 3087 3337 3171 s).
3385 3091 3467 3157 V.
3493 3091 3566 3154 C.

2064 3187 2192 3273 793
2240 3189 2535 3274 Caligula
2596 3210 2744 3254 aeae
2809 3193 3031 3254 Iovem
3073 3191 3394 3255 Latialem
3460 3213 3588 3277 ap·-

2070 3292 2326 3374 pellans
2373 3289 2712 3355 Claudium
2766 3291 3179 3356 sacerdotem
3232 3316 3420 3357 sunm
3478 3293 3592 3356 di·-

2070 3392 2168 3455 xit
2212 3393 2298 3473 s).
2351 3396 2599 3457 Tamen
2640 3392 2761 3458 sub
2801 3391 3098 3478 Caligula
3131 3414 3395 3481 quoque
3434 3396 3576 3461 vul-

2069 3515 2157 3579 go
2189 3492 2539 3579 despectus
2568 3508 2844 3579 propter
2878 3509 3215 3581 stuporem
3247 3497 3406 3578 fuit,
3449 3498 3572 3562 sed

2069 3618 2236 3682 quae
2295 3597 2516 3680 opinio
2581 3598 2646 3661 ei
2690 3597 2883 3661 saluti
2924 3599 3068 3665 fuit.
3153 3601 3318 3664 Nam
3362 3603 3594 3666 caesis*

2071 3719 2157 3763 ex
2200 3700 2445 3764 familia
2495 3722 2607 3764 sua
2657 3721 2851 3765 sexus
2894 3700 3103 3766 virilis
3154 3702 3301 3767 fere
3368 3701 3576 3768 omni·

2062 3800 2224 3877 bus,
2306 3801 2429 3868 etsi
2490 3802 2632 3886 ipse
2681 3824 2945 3889 quoque
2996 3804 3162 3868 vitae
3214 3801 3584 3870 discrimen-

2060 3903 2296 3982 adivit,
2379 3919 2659 3990 propter
2756 3905 3102 3970 socordiae
3189 3908 3584 3991 opinionem

2059 4008 2296 4086 evasit,
2380 4008 2714 4092 quoniam·
2774 4007 3034 4071 nonnisi
3088 4007 3156 4070 in
3215 4009 3590 4075 ludibrium<

2057 4122 2432 4174 reservatus
2506 4108 2637 4171 fuit
2700 4104 2787 4190 h),
2901 4105 3110 4173 Caeso
3192 4131 3346 4172 non.
3428 4113 3589 4176 Hal.-

2058 4210 2265 4275 Febr.
2302 4212 2385 4278 V.
2424 4211 2497 4277 C.
2551 4219 2692 4296 794.
2720 4209 3054 4293 Caligula,
3112 4229 3328 4296 eoque
3380 4215 3573 4276 terri-

2060 4326 2165 4376 tus
2213 4313 2282 4375 in
2330 4311 2573 4396 palatio
2633 4332 2782 4376 sese
2826 4310 3110 4389 abdidit,
3163 4333 3391 4378 verum
3456 4315 3587 4380 de«

2060 4413 2431 4500 prehensus
2462 4437 2495 4479 a
2521 4428 2986 4500 praetereunte
3022 4416 3353 4501 gregario,
3393 4420 3589 4505 agni-

2728 4679 2789 4748 c)
2828 4675 2992 4737 Suet.
3024 4686 3150 4740 mli.
3315 4677 3383 4752 d)
3427 4678 3590 4737 Tac.-

2147 4771 2217 4849 g)
2258 4769 2373 4829 Dio
2405 4767 2634 4829 1..le-
2661 4769 2824 4841 §.28.
2982 4767 3056 4843 h)
3097 4766 3258 4826 Suet.
3287 4767 3591 4845 incnlig..

451 4884 505 4922 c.
527 4878 616 4932 23.
656 4867 718 4924 in
752 4865 965 4926 Claud.
1004 4885 1055 4924 c.
1073 4878 1127 4940 9.
1167 4864 1406 4944 Ioseph.
1440 4865 1577 4924 Ant.
1616 4864 1679 4921 1..
1700 4861 1857 4924 xtx.
1883 4877 2010 4924 e.-1·
2038 4862 2165 4935 §.2-

577 4977 768 5059 (ναι.
796 4976 952 5058 VJ.)

2929 4966 3104 5050 Ga
