4509 5584
1017 574 1133 647 815.

1015 750 1301 813 serpens,
1335 730 1561 792 omnia
1593 728 1776 791 intra
1803 728 2120 791 iam-eam.
2156 725 2299 792 AR.
2320 747 2405 791 m.
2425 746 2513 792 m.

1012 833 1219 915 (Mus.
1251 831 1472 911 Caes.)

1140 934 1309 997 Esse
1361 952 1631 994 numum
1689 931 1865 994 huuc
1920 931 2243 1016 signatum
2303 933 2388 1001 V.
2430 933 2510 1000 C.

1010 1035 1173 1117 726,
1216 1035 1567 1118 inscriptus
1604 1036 1973 1097 consulatus
2010 1036 2120 1101 VI.
2162 1035 2512 1120 eloquitur.

1010 1136 1275 1201 Deinde
1321 1138 1509 1218 plura
1552 1137 1618 1197 in
1664 1156 1746 1199 eo
1785 1150 1939 1199 sunt
1980 1158 2183 1213 nova,
2233 1152 2302 1202 et
2339 1139 2512 1202 inso-

1011 1240 1242 1304 lentia.
1286 1240 1542 1300 Titulus
1572 1238 1774 1321 partis
1809 1239 2091 1316 anticae,
2126 1261 2323 1324 quem
2357 1260 2513 1304 con-

1011 1340 1191 1425 cepit
1241 1341 1562 1417 adulatio,
1628 1361 1841 1424 neque
1901 1341 2063 1403 alius
2118 1342 2258 1405 sive
2316 1340 2507 1423 hujus

1008 1442 1345 1522 Caesaris,
1399 1443 1538 1508 sive
1593 1443 2004 1527 sequentium
2062 1444 2509 1526 Augustorum

1004 1558 1246 1608 ¹numus
1304 1542 1526 1611 offert.
1610 1543 1891 1608 Accedit
1944 1566 2191 1609 corona
2244 1547 2507 1622 laurea,

1006 1647 1197 1727 cujus
1240 1648 1554 1710 hactenus
1597 1649 1864 1711 unicum
1918 1647 2294 1732 exemplum
2350 1647 2512 1711 vidi-

1010 1764 1195 1824 mus,
1277 1758 1347 1811 et
1408 1748 1492 1813 de
1554 1772 1679 1835 qua
1736 1752 1866 1811 hoc
1927 1747 2078 1811 loco
2142 1748 2510 1812 adcuratius

1008 1850 1275 1919 videtur
1329 1851 1679 1935 agendum.
1746 1852 1997 1913 Narrat„
2024 1849 2152 1912 Dio
2199 1854 2295 1934 ⁸),
2353 1852 2514 1914 Cae·

1012 1951 1146 2015 sari
1197 1965 1426 2016 nostro
1482 1956 1562 2022 V.
1602 1954 1680 2018 C.
1721 1962 1852 2029 ¹7¹4
1906 1952 2248 2041 decretum
2305 1951 2511 2014 fuisse

1010 2053 1114 2137 jus
1186 2054 1453 2119 laureae
1529 2056 1882 2138 gestandae
1948 2055 2182 2133 toties,
2253 2053 2511 2139 quoties

1009 2155 1418 2239 triumphans
1476 2159 1709 2243 aliquis
1755 2178 1833 2220 ca
1876 2170 2210 2238 uteretur3
2278 2176 2509 2239 perpe·

1011 2270 1196 2323 tuum
1228 2278 1391 2321 vero
1432 2259 1573 2343 ejus
1606 2281 1794 2322 usum
1825 2268 2209 2323 concessum
2247 2258 2512 2321 demum

1010 2360 1097 2429 V.
1135 2361 1210 2428 C.
1248 2362 1375 2447 718
1417 2374 1569 2445 post
1607 2362 1851 2426 victum
1899 2362 2052 2425 Sex.
2084 2360 2510 2444 Pompeium,

1009 2462 1190 2526 idem
1228 2462 1441 2526 refert
1470 2461 1555 2544 b).
1600 2464 1689 2526 At
1727 2485 1889 2529 vero
1926 2462 2302 2536 cur‘laurea
2346 2463 2510 2527 haec

1010 2563 1080 2626 in
1123 2585 1324 2627 numo
1367 2579 1749 2649 praesente,
1792 2579 1931 2628 tum
1974 2578 2041 2627 et
2084 2565 2398 2649 deinceps
2444 2564 2513 2626 in

1010 2667 1227 2743 numis
1272 2669 1573 2731 omnihus
1614 2689 1747 2732 non
1792 2667 2073 2753 Augusti
2116 2667 2346 2745 modo,
2392 2668 2515 2730 sed

1012 2782 1084 2831 et
1142 2771 1556 2863 sequentium
1623 2770 2094 2856 imperatorum
2166 2770 2553 2834 diademati

1014 2871 1344 2958 illigatur,
1405 2874 1587 2957 cujus
1638 2887 1793 2958 post
1845 2872 2106 2957 occiput
2154 2871 2333 2935 nodo
2380 2871 2518 2936 col·

1011 2972 1173 3037 lecti
1215 2990 1434 3059 partes
1479 2975 1645 3040 duae
1678 2977 1746 3038 in
1784 2975 2134 3040 humerum
2165 2974 2513 3039 defluunt?
2543 3020 2550 3029 ·

1009 3076 1313 3141 Diximus
1355 3078 1681 3140 in‘numis
1731 3081 1780 3143 Ι.
1826 3078 2158 3157 Caesaris,
2223 3078 2515 3141 lauream

1010 3172 1166 3242 h‘uic
1245 3179 1617 3257 decretam,
1696 3193 1763 3243 et
1822 3179 1892 3241 in
1955 3180 2168 3243 numis
2226 3179 2510 3243 effictam

1014 3280 1193 3343 omni
1222 3302 1491 3363 prorsus
1522 3280 1886 3346 diademate
1925 3302 2189 3361 carere,
2237 3296 2304 3346 et
2337 3281 2514 3369 quod

1012 3384 1290 3467 amplius
1333 3398 1469 3462 est,
1526 3404 1675 3448 cum
1732 3383 1833 3444 illi
1886 3384 2095 3447 semel
2138 3384 2510 3468 iterumque

1013 3506 1261 3550 corona
1330 3486 1555 3548 laurea
1630 3484 1995 3549 diademate
2053 3486 2412 3571 praeligata
2472 3506 2512 3548 a

1010 3590 1106 3652 M.
1139 3587 1462 3664 Antonio,
1496 3587 1776 3671 aliisque
1814 3587 2302 3672 imponeretur,
2337 3585 2513 3650 istud

1012 3689 1314 3752 tribunos
1365 3689 1455 3773 pl.
1497 3692 1944 3774 populumque
1994 3709 2129 3751 non
2180 3689 2513 3773 permisis·

1012 3810 1120 3867 ee,
1174 3810 1414 3875 nempe
1454 3790 1604 3875 quia
1637 3791 1895 3875 regium
1933 3789 2110 3854 istud
2144 3789 2509 3856 videbatur.

1015 3895 1152 3958 Cur
1208 3886 1371 3977 ergo
1422 3894 1646 3957 laurea
1699 3892 1794 3957 sic
1840 3903 2207 3977 comparata
2249 3892 2512 3976 regium

1012 3993 1173 4081 quid
1212 3993 1424 4061 visum
1466 3993 1534 4055 in
1578 3994 1784 4074 Iulio,
1826 4016 1960 4061 non
2004 3996 2164 4060 item
2204 3993 2275 4055 in
2317 3992 2513 4058 Octa-

1010 4097 1242 4175 viano,
1316 4110 1385 4162 et
1442 4097 1753 4181 Augustis
1812 4097 2138 4183 reliquis?
2215 4097 2321 4158 Ex
2378 4115 2510 4182 quo

1011 4213 1316 4284 apparet,
1377 4198 1675 4263 diadema
1727 4190 1915 4263 lauro
1973 4199 2320 4276 vestitum,
2378 4218 2510 4284 quo

1011 4301 1087 4364 hi
1125 4302 1229 4366 usi
1272 4314 1462 4380 sunt,
1500 4296 1667 4364 ‘nou
1708 4300 1909 4365 fuisse
1953 4300 2097 4387 ejus
2139 4302 2334 4386 plane
2377 4301 2516 4366 for-

1011 4424 1195 4483 mae,
1251 4405 1434 4490 cujus
1477 4402 1603 4467 suit
1642 4404 1926 4469 alterum
1966 4408 2016 4466 1.
2059 4404 2326 4471 Caesari
2365 4403 2517 4467 sub-

1090 4618 1154 4688 a)
1192 4617 1259 4673 L.
1287 4615 1548 4674 XLVIII.
1585 4617 1746 4687 §.16-
1929 4615 2003 4689 b)
2041 4616 2109 4676 L.
2135 4615 2338 4677 XLIX.
2376 4619 2534 4688 §.¹5.

1017 4710 1145 4771 736.
1254 4706 1263 4713 ’
1330 4709 1393 4779 e)
1432 4706 1494 4762 in
1531 4706 1610 4763 M.
1637 4706 1852 4766 Anton.
1889 4719 2170 4784 pag.921.

1014 4797 1086 4870 h)
1128 4797 1189 4855 in
1232 4786 1473 4875 Πλσιῳ.

2355 4706 2413 4779 s)
2451 4709 2513 4767 iu
2551 4705 2599 4767 1.
2636 4705 2892 4767 Caesare
2933 4725 2986 4767 c.
3007 4719 3098 4782 79.

2184 554 2902 633 ..AVGVSTVSL

2630 725 2794 816 dole¹
2842 727 3169 806 oblatum,
3244 726 3391 812 quia
3459 726 3669 808 istud,
3735 744 3869 793 non
3925 728 4127 807 illud,

2629 830 2800 913 regii
2844 831 3046 893 moris
3091 844 3191 893 est
3236 831 3549 899 habitum.
3611 836 3970 910 Auctorem
4016 834 4129 920 qui

2627 932 2948 994 lulianum
3008 931 3175 994 illud
3244 932 3663 1014 describunt,
3745 936 3858 998 alii
3911 937 4129 999 ¹miuus

2630 1050 2859 1119 aper-te
2905 1035 3278 1122 loquuntur.
3357 1036 3488 1099 Dio
3547 1030 3830 1121 διαδημσι
3878 1053 4131 1103 tantum

2632 1152 2824 1203 vocat
2854 1141 2934 1221 c).
2993 1139 3384 1202 Plutarchus
3428 1160 3558 1201 uno
3602 1140 3754 1204 loco
3797 1141 4128 1207 ait.fuisse

2637 1232 2921 1324 διαδημει
2975 1253 3211 1322 separa>
3263 1238 3495 1320 δαφυης
3547 1249 4128 1331 περιπεπλεφμυον,

2627 1342 2937 1404 diadema
2993 1362 3278 1405 coronae
3341 1345 3612 1407 laureae
3670 1349 3990 1408 innexum
4034 1345 4128 1428 d).

2627 1443 2781 1506 Alio
2841 1425 2994 1507 loco
3051 1443 3288 1507 dieitur
3342 1449 3433 1507 M.
3480 1447 3801 1510 Antonius
3856 1443 4132 1536 διαδημα

2633 1536 2867 1625 Skapsa,-
2903 1557 3140 1628 ςεφωῳ
3168 1548 3546 1628 περιελιξας,
3589 1553 3902 1613 diadema
3945 1569 4133 1614 coro-

2611 1668 2755 1743 ‘nae
2794 1649 3064 1711 laureae
3097 1653 3403 1732 illigasse
3434 1653 3516 1733 ⁸).
3566 1652 3699 1714 Alii
3736 1652 4123 1737 explicatius

2624 1747 2983 1832 loquuntur
3026 1750 3377 1815 Suetonius
3422 1753 3587 1816 dixit
3628 1776 3942 1819 coronam
3983 1754 4134 1819 Iau-

2629 1868 2812 1912 ream
2881 1856 3170 1916 candida
3220 1857 3459 1936 fascia
3522 1858 3976 1939 praeligatum
4033 1854 4130 1941 s),

2625 1952 2995 2035 Appianas:
3035 1950 3389 2037 ε’ς-εφανωσρ
3446 1950 3706 2037 Summae,-
3748 1955 4133 2044 ἆνωτιπλετγυ

2624 2077 2806 2138 μενης
2834 2069 3078 2131 vacuus
3101 2060 3335 2135 λευκης,
3362 2065 3710 2123 coronavit
3735 2062 3990 2137 laurea,
4017 2062 4133 2124 cui

2604 2158 2845 2240 fascia
2884 2159 3042 2219 alba
3079 2161 3392 2223 obvoluta
3408 2166 3563 2248 ficit
3589 2164 3680 2243 Β).
3725 2161 3927 2247 Atqui
3960 2159 4129 2224 haec

2626 2259 2770 2343 ipsa
2808 2259 3172 2344 peristasis‚
3212 2264 3442 2325 taenia
3479 2264 3669 2340 alba,
3700 2264 3960 2353 regium
3989 2262 4130 2326 fue·

2628 2361 2752 2439 rit,
2790 2363 3232 2447 Romanisque
3263 2361 3431 2428 adeo
3468 2384 3776 2445 exosum3
3819 2386 3972 2427 nam
3997 2364 4131 2428 Ln-

2628 2464 2887 2539 cianus,
2933 2485 3062 2549 quo
3093 2465 3245 2529 loco
3279 2486 3517 2550 regum
3553 2466 3851 2531 diadema
3882 2472 4128 2531 m’emo·

2627 2578 2765 2643 rat,
2823 2564 2996 2626 illud
3050 2579 3242 2631 vocat
3293 2590 3526 2631 ruerem
3584 2574 3791 2645 λενκηυ
3849 2590 3983 2650 περι
4035 2591 4132 2650 τῳ

2625 2687 2920 2750 μετωπῳ,
2956 2665 3265 2755 sambiam
3311 2671 3534 2734 albam
3551 2715 3570 2748 ,
3623 2692 3791 2746 quae
3819 2672 4131 2754 frontem

2631 2771 2840 2833 ambit
2869 2770 2960 2851 h).
3019 2773 3153 2832 Iam
3192 2771 3356 2834 vero
3402 2770 3731 2850 diadema,
3780 2791 3909 2857 quo
3952 2790 4127 2836 nunc

2627 2871 2723 2933 uti
2756 2871 2975 2956 coepit
3007 2871 3437 2949 Octavianus,
3471 2870 3538 2936 e‘t
3571 2873 3813 2957 reliqui
3848 2869 4126 2936 subinde

2627 2974 2940 3056 Augusti,
2982 2973 3250 3038 alterius
3278 2975 3483 3041 fucrit
3511 2974 3762 3038 formae
3784 3019 3802 3052 ,
3846 2987 3916 3038 et
3947 2972 4129 3036 haud

2628 3074 2827 3139 dubie
2872 3075 3142 3138 alterius
3187 3075 3467 3157 coloris,
3540 3077 3741 3140 modo
3781 3097 3916 3139 non
3959 3075 4126 3156 albi,

2629 3190 2698 3242 et
2754 3177 3084 3263 commodi
3142 3192 3391 3242 tantum
3464 3199 3657 3243 causa
3728 3178 4126 3257 adhibitum,

2628 3293 2699 3343 ut
2758 3281 2982 3343 laurea
3037 3299 3120 3343 eo
3173 3281 3526 3345 constricta
3582 3279 3832 3343 firmius
3891 3280 4131 3345 adhae-

2623 3395 2844 3458 reret,
2910 3403 3103 3466 quam
3145 3380 3359 3445 adhuc
3404 3383 3957 3468 opportunitatem
4011 3402 4132 3446 ne·

2628 3482 2914 3566 glexerit
2960 3484 3200 3546 Caesar
3242 3481 3540 3560 dictator.
3604 3484 3773 3549 Sane
3818 3486 3946 3550 hoc
3994 3485 4133 3549 dia·

2628 3583 2887 3648 demate
2941 3584 3107 3646 nihil
3155 3584 3356 3649 fuisse
3412 3585 3778 3671 quaesitum
3829 3586 4126 3652 ambitio·

2626 3687 2795 3764 sius,
2828 3685 2984 3748 inde
3016 3700 3228 3771 patet,
3273 3687 3422 3772 quia
3454 3688 3653 3751 simili
3688 3688 3966 3753 subinde
3996 3689 4132 3754 dis·

2625 3787 2887 3875 demate
2943 3788 3237 3852 laureato
3299 3791 3402 3853 usi
3462 3790 3531 3853 in
3586 3791 3804 3854 numis
3864 3811 4125 3877 quoque

2626 3904 2802 3969 sunt,
2848 3890 2961 3975 qui
2995 3889 3274 3974 Augusti
3315 3912 3449 3955 non
3490 3892 3711 3970 fuere,
3764 3906 3836 3956 ut
3868 3895 4130 3958 Drusus

2626 3994 2883 4071 senior,
2936 3993 3123 4057 Titus
3159 4006 3227 4058 et
3261 3994 3673 4057 Domitianus
3713 3994 3926 4060 adhuc
3966 3997 4128 4060 Cae·

2626 4117 2839 4174 sares,
2890 4095 3047 4181 quin
3088 4109 3156 4160 et
3189 4094 3615 4164 L.'Vitellius
3649 4094 3808 4160 Auli
3839 4096 4125 4181 Augusti

2626 4212 2843 4285 pater,
2894 4212 2964 4262 et
2999 4198 3195 4284 plane
3234 4198 3545 4281 privatus.
3599 4198 3749 4264 Tali
3792 4199 3989 4264 etiam
4022 4220 4133 4264 re-

2628 4300 2890 4364 dimitus
2917 4301 2988 4363 in
3014 4300 3274 4364 moneta
3299 4321 3413 4364 sua
3441 4315 3780 4387 comparet
3803 4302 4129 4387 Caligula,

2625 4423 2761 4466 non
2804 4402 2924 4466 illo
2972 4403 3196 4488 regio,
3240 4401 3420 4488 quod
3470 4422 3625 4466 eum
3670 4405 4128 4489 concupivisse

2720 4620 2783 4691 c)
2822 4616 2888 4673 L.
2922 4614 3124 4676 XLIV.
3163 4617 3293 4691 §.9.
3475 4615 3549 4690 d)
3589 4615 3650 4675 in
3684 4588 4124 4696 Caesardpag.

3280 4706 3349 4785 g)
3387 4703 3535 4765 Bell.
3570 4705 3685 4786 civ,
3715 4707 3784 4766 1..
3810 4707 3887 4770 11.
3926 4726 3977 4766 c.
4000 4716 4124 4804 109.
