4509 5584
1123 559 1267 648 um

1117 831 1319 876 numo
1362 808 1711 883 docemur,
1762 828 1798 867 a
1846 804 1914 867 8.
1946 804 2020 867 P.
2063 802 2146 895 Q.
2181 805 2261 867 R.
2307 802 2610 885 clypeum

1115 913 1442 985 votivum,
1499 907 1725 993 quales
1770 904 1996 988 plures
2041 905 2109 966 in
2143 903 2423 987 Augusti
2473 924 2609 966 mo·

1117 1025 1270 1078 neta
1302 1009 1614 1086 vidimus,
1662 1006 2038 1070 alterutrius
2088 1005 2465 1090 provinciae
2498 1025 2617 1069 no·

1114 1114 1291 1178 mine
1325 1111 1574 1174 Galbae
1610 1107 1898 1172 oblatum
1939 1105 2466 1192 dedicatumque
2512 1151 2519 1158 ·

1049 1249 1060 1256 -
1364 1214 1660 1274 Antis-a
1688 1212 1975 1272 incerta.

1116 1312 1488 1378 TIBERIS.
1528 1312 1609 1377 P.
1656 1310 1750 1374 M.
1787 1310 1927 1370 ΤΒ.
1963 1309 2040 1369 Ρ.
2076 1305 2268 1370 COS.
2306 1310 2387 1370 11.
2436 1309 2616 1374 Tibe-

1111 1415 1303 1479 rinus
1348 1414 1537 1475 huma·
1578 1412 1828 1474 sedens.
1901 1392 2051 1477 AV.
2123 1409 2359 1490 (Catal.
2406 1408 2470 1470 d’
2478 1411 2613 1472 En·

1108 1517 1487 1684 neryvinicus
1545 1607 1654 1672 hic
1698 1567 1965 1693 ..Galbae
2011 1629 2259 1674 mutnus
2292 1623 2456 1688 est,
2499 1611 2614 1695 qui

1107 1717 1258 1803 ejus
1315 1713 1723 1779 consulatum
1777 1723 2137 1789 memoret,
2218 1722 2287 1772 et
2340 1712 2605 1795 quidem

1093 1802 1428 1894 ‘alterum
1509 1833 1656 1875 nam
1732 1812 2010 1896 primum
2070 1811 2358 1895 privatus
2418 1813 2606 1882 inivit

1111 1933 1284 1984 teste
1322 1897 1680 1992 Suetonio,
1724 1916 2002 1977 alterum
2047 1912 2187 1976 Ral.
2222 1916 2355 1980 Ian.
2414 1915 2498 1984 V.
2532 1916 2604 1978 C.

1097 2021 1276 2100 833,
1365 2037 1589 2102 caesus
1647 2015 1957 2079 continuo
2017 2027 2166 2098 post
2224 2014 2367 2078 dies
2424 2016 2606 2095 XV„

1101 2121 1475 2204 intranquos
1510 2116 1675 2180 adeo
1712 2116 2108 2198 singularem
2135 2119 2307 2180 hunc
2337 2139 2603 2182 numum

1108 2219 1622 2303 feriricontigit.
1661 2220 1872 2281 'Causa
1911 2217 2074 2282 illati
2105 2218 2405 2281 Tiberini
2446 2220 2604 2282 mihi

1103 2323 1357 2407 ignota.

1518 2622 1603 2683 A
1642 2643 1687 2682 u
1735 2631 1762 2683 t
1806 2643 1844 2683 ο
1887 2643 1932 2684 n
1977 2644 2014 2684 o
2055 2599 2121 2685 ni
2164 2627 2195 2687 z·

1097 2763 1106 2772 ·
1144 2742 1523 2807 ‘Oommatis
1561 2740 1885 2815 Romani,
1935 2739 2155 2803 Galba
2195 2745 2557 2824 imperante

1288 2855 1292 2860 ’
1706 2862 1985 2944 adgnati.
2193 2857 2199 2861 ¹

1228 3029 1504 3091 Exstant
1545 3028 1758 3093 .nnmi
1817 3025 2193 3111 complures
2265 3027 2602 3092 commatis

1101 3129 1387 3196 'Romani
1438 3130 1681 3216 absque
1728 3128 2146 3214 imperatoris
2195 3128 2443 3212 capite,
2495 3128 2606 3194 vel

1030 3311 1034 3316 .
1107 3215 1572 3315 inscriptione,
1627 3251 1791 3316 quos
1831 3243 2183 3313 propterea
2229 3245 2609 3315 καταχςης-ι-

1108 3350 1260 3408 κως,
1317 3347 1722 3395 autonomos
1769 3331 2172 3415 compellare
2214 3331 2443 3408 liceat,
2494 3331 2608 3416 qui

1091 3432 1420 3497 suadente
1450 3446 1628 3515 typo,
1662 3446 1731 3494 et
1759 3432 2119 3517 epigraphe
2159 3432 2605 3515 Augustorum

1091 3553 1272 3612 *aeto
1332 3534 1488 3596 sine.
1535 3531 1737 3594 dubio
1793 3533 2027 3613 signati
2090 3545 2260 3595 sunt.
2346 3534 2603 3595 Horum

1106 3652 1242 3696 non
1285 3653 1526 3717 pancos
1564 3634 1692 3714 jam
1749 3632 2069 3716 descripsi
2112 3632 2182 3693 in
2222 3634 2436 3697 numis
2472 3636 2604 3697 Au-

1098 3734 1286 3818 ·gusti
1317 3734 1429 3796 .ad
1485 3754 1688 3796 annos
1752 3735 1837 3804 V.
1882 3735 1956 3798 C.
1998 3734 2129 3815 734
2187 3745 2259 3796 et
2310 3744 2481 3815 7423
2537 3748 2604 3798 at

1108 3848 1259 3900 sunt
1307 3835 1502 3924 etiam
1545 3835 1844 3918 nonnulli
1888 3833 2172 3910 Galbae,
2216 3847 2286 3896 et
2324 3834 2601 3911 Vitellii,

1095 3952 1300 4022 atque
1328 3936 1526 4002 etiam
1562 3935 1839 3999 aliorum
1861 3981 1879 4015 ‚
1931 3955 2095 4020 quos
2123 3937 2255 3999 suis
2289 3936 2456 4000 locis
2489 3935 2602 3999 de·

1093 4038 1491 4104 aescribemus.
1554 4036 1635 4100 Id
1676 4057 1891 4122 genus
1938 4058 2173 4101 numos
2201 4037 2411 4102 habes
2454 4037 2607 4102 affa-

1095 4142 1224 4207 tim
1265 4140 1446 4225 apud
1493 4138 1873 4203 Morellium
1917 4139 1986 4202 in
2025 4138 2294 4204 incertis
2333 4138 2606 4222 familia-

1104 4239 1293 4322 rum,
1329 4242 1493 4307 etin
1527 4242 1838 4328 Catalogo
1880 4241 1940 4304 d’
1953 4244 2240 4325 Ennery.
2316 4241 2420 4305 Ad
2452 4241 2604 4306 Gal·

1107 4344 1256 4409 bam
1291 4342 1625 4427 pertinent
1659 4343 2039 4429 sequentes.

1388 4443 1594 4507 BON.
1626 4446 1951 4512 EVENT.
2018 4446 2232 4526 Caput
2260 4446 2598 4510 muliebre.

1112 4542 1397 4610 ROMA.
1450 4545 1930 4611 RENASCES.
2018 4548 2232 4609 Roma
2270 4550 2621 4631 paludata-

1083 4657 1302 4710 ..πίσω
1340 4647 1404 4706 d.
1454 4647 1920 4723 Victor-iotam,
1980 4671 2030 4710 s.
2078 4650 2368 4713 hastam.
2453 4652 2596 4715 AR.

1107 4748 1313 4828 (Mus.
1338 4745 1521 4810 Caes.
1558 4747 1827 4814 Morelli
1874 4753 2103 4817 incert.
2135 4751 2291 4815 fam.
2323 4750 2451 4813 tab.
2471 4752 2553 4832 1.)

2469 503 2918 630 uanas.

1123 729 1271 777 rum
1307 727 1454 772 cum
1492 703 1850 789 epigraphe
1883 700 1968 766 sit
2006 698 2439 777 dedicatoria,
2480 699 2610 778 hoc
2736 755 2743 760 .

3005 698 3259 762 Eadem
3298 700 3597 765 adversa.

2726 799 2868 864 OB.
2888 799 3132 867 CIVIS.
3160 801 3652 869 SERVATOS.
3699 801 3963 867 Corona
3981 805 4201 869 civica.

2728 900 2869 962 AB.
2909 901 3361 980 (More11i1.c.
3367 905 3400 984 )

2854 1001 3104 1065 Omnes
3144 1002 3266 1079 hae
3305 1002 3765 1088 inscriptiones
3808 1016 3877 1068 et
3919 1003 4058 1087 typi
4099 1005 4203 1069 ob·

2726 1101 2817 1169 vii
2848 1117 2996 1166 sunt
3022 1103 3089 1165 in
3107 1104 3354 1169 Galbae
3391 1119 3672 1170 moneta.
3706 1106 3994 1171 -Fabrica
4007 1106 4198 1171 etiam

2726 1202 2902 1268 istud
2934 1204 3081 1270 aevi
3117 1207 3304 1289 sapit.
4146 1187 4151 1196 .

3008 1307 3469 1370 LIBERTAS.
3509 1304 4043 1379 REST-ITVTA.
4096 1312 4204 1373 Ca·

2999 1424 3127 1492 put
3162 1410 3483 1472 muliebre
3523 1411 3848 1489 velatum,
3906 1413 4000 1473 ad
4036 1412 4209 1491 cujus

3003 1522 3239 1591 pectus
3272 1514 3478 1593 spica.

2726 1608 3267 1676 CONCORDIA.
3311 1612 3569 1674 Mulier
3596 1613 3831 1675 sedens
3859 1616 3923 1678 d.
3951 1619 4207 1695 signum

2722 1713 3042 1787 militare,
3074 1733 3269 1793 super
3296 1729 3424 1791 quo
3448 1733 3711 1795 porcus,
3742 1735 3796 1776 s.
3833 1713 4203 1796 caduceum.

2721 1813 2860 1916 AR.
2898 1814 3094 1896 (Mus.
3131 1813 3352 1895 Caes.)

3003 1914 3254 1975 Eadem
3301 1916 3598 1980 adversa.

2719 2015 2986 2081 MARS.
3021 2014 3354 2102 VLTOR.
3398 2018 3596 2079 Mars
3607 2019 3983 2100 paludatus
4008 2031 4203 2097 stans,

2719 2118 2781 2176 d.
2806 2119 3068 2192 signum
3090 2120 3401 2193 militare,
3436 2141 3489 2182 s.
3514 2120 3837 2200 clypeum.
3883 2120 4025 2184 AR.
4048 2124 4210 2200 (Mo-

2720 2217 2875 2280 rclli
2907 2217 3140 2282 incert.
3173 2219 3324 2283 fam.
3362 2218 3488 2281 tab.
3512 2222 3628 2301 11.)

3005 2321 3258 2382 Eadem
3293 2324 3594 2386 adversa.

2714 2420 2983 2483 MARS.
3024 2421 3529 2485 ADSERTOR.
3614 2421 3815 2484 Mars
3846 2424 4209 2503 paludatus

2713 2534 2908 2585 stans
2940 2524 3003 2586 d.
3025 2535 3385 2604 tropaeum,
3417 2545 3472 2585 s.
3492 2526 3821 2609 σζγρσιιηι.
3863 2524 4013 2591 AR.
4034 2527 4210 2608 (Mo-

2717 2622 3033 2690 rellil.c.
3061 2622 3359 2706 tab.1V·)

2997 2724 3249 2786 Eadem
3293 2726 3596 2790 adversa.

2606 2895 2615 2900 ἱ
2716 2824 2789 2888 S.
2820 2823 2901 2891 P.
2936 2821 3023 2917 Q.
3047 2826 3132 2889 R.
3161 2827 3553 2906 inscriptum
3572 2824 3824 2908 clypeo,
3860 2845 4053 2905 quem
4074 2846 4201 2889 am·

2696 2927 2816 2989 'bic
2852 2946 3099 2988 corona
3135 2945 3403 3003 querna.
3449 2925 3593 2995 AV.
3638 2925 4021 3006 (Morellil.
4052 2928 4143 3010 c.)

2924 3026 3454 3111 ‚HERCVLES
3511 3026 4024 3092 ADSERTOR.
4097 3028 4210 3090 Ca-

2952 3142 3079 3210 put
3102 3128 3414 3190 Herculis
3443 3129 3820 3190 laureacum
3837 3129 4206 3193 barbatum.

2714 3228 3224 3293 FLORENTE.
3255 3226 3705 3297 FORTVNA.
3733 3226 3915 3294 P.R.
3957 3231 4208 3294 AIulier

2717 3343 2910 3393 stans
2955 3334 3019 3394 d.
3069 3351 3362 3406 ramum,
3414 3352 3466 3392 s.
3516 3331 3978 3411 cornucopiae.
4070 3330 4204 3396 AR.

2708 3429 3018 3511 (Bimard
3053 3430 3136 3495 ad
3174 3430 3418 3495 lobert.
3458 3433 3539 3496 Τ.
3559 3433 3609 3492 1.
3641 3450 3706 3513 p.
3743 3417 3923 3516 299.)

2844 3533 2949 3594 Ex
2983 3544 3237 3615 septem
3276 3531 3383 3595 hic
3430 3529 3777 3615 descriptis
3821 3533 4040 3597 numis
4083 3547 4207 3597 ter·

2708 3631 2845 3696 -tius
2884 3654 2967 3696 ex
3002 3653 3230 3697 museo
3267 3634 3630 3711 Caesareo,
3676 3655 3826 3698 cum
3865 3634 4045 3720 quod
4082 3634 4208 3697 for·

2716 3747 2785 3796 te
2817 3734 3044 3797 unicus
3086 3747 3220 3811 est,
3266 3748 3403 3797 tum
3437 3749 3710 3820 propter
3751 3750 4204 3820 argumentum

2715 3833 3039 3898 illustrem
3072 3836 3296 3899 locum
3336 3849 3537 3899 tenet.
3623 3835 3787 3919 Ejus
3831 3860 3981 3922 pars
4030 3857 4206 3902 aver·

2715 3957 2785 3999 sa
2836 3938 3275 4000 Concordiam
3317 3936 3650 4014 enunciat,
3705 3938 3891 4020 cujus
3946 3956 4202 4024 qnoque

2722 4038 3086 4120 symbolum
3148 4051 3251 4102 est
3304 4036 3661 4115 caduceus,
3725 4059 3922 4124 quem
3973 4040 4203 4103 mulier

2720 4161 2915 4204 manu
2961 4153 3166 4205 tenet.
3247 4141 3531 4218 Indicari
3576 4160 3739 4204 vero
3790 4142 4202 4206 concordiam
4331 4203 4341 4212 ‚
4430 4133 4431 4144 ’

2718 4243 2921 4327 ipsius
2949 4242 3343 4325 Hispaniae,
3373 4256 3565 4326 atque
3598 4255 3669 4305 ut
3688 4243 4055 4334 yerisimile
4088 4254 4201 4318 est,

2718 4345 3000 4408 militum
3057 4363 3142 4408 ex
3183 4343 3491 4427 Hispanis
3555 4345 4081 4429 conscriptorum
4139 4344 4202 4404 in

2716 4443 3085 4510 deferendo
3143 4443 3390 4508 Galbae
3438 4446 3838 4529 principatu,
3890 4447 4200 4511 invictum

2714 4560 3169 4631 argumentum
3231 4547 3507 4628 praebet
3576 4548 3832 4631 signum
3885 4547 4200 4622 militare,

2713 4649 2821 4712 cui
2845 4668 3129 4733 superne
3168 4668 3406 4731 porcus
3435 4648 3753 4715 imminet.
3824 4648 3995 4712 Esse
4031 4644 4200 4711 istud

2714 4750 2949 4814 animal
3002 4751 3259 4836 insigne
3319 4751 3704 4835 Hispaniae,
3781 4751 4205 4835 comprobant
