4509 5584
1504 536 2161 649 avovsrvs
2319 620 2326 629 ⁸
3282 601 3376 682 79
3497 604 3510 612 -

262 747 529 827 quoque
552 782 571 816 ,
617 736 831 825 quoad
858 735 1179 802 Antonius
1208 734 1411 817 vixit,
1453 758 1605 805 usus
1634 755 1759 807 esta

258 842 478 905 Aliam
526 840 695 906 viam
743 839 953 905 tenuit
996 840 1356 919 Antonius,
1399 841 1512 927 qui
1548 842 1760 906 adhuc

260 943 333 1005 in
368 945 711 1008 consulatu
749 962 868 1005 suo
905 945 1016 1004 111.
1061 964 1181 1007 seu
1215 944 1299 1012 V.
1335 943 1408 1008 C.
1443 944 1568 1027 723
1610 964 1757 1009 sese

258 1044 329 1107 in
379 1046 598 1108 numis
654 1044 941 1129 appellat
987 1046 1343 1110 111V1Rum
1391 1044 1473 1110 R.
1518 1047 1595 1111 P.
1643 1048 1756 1125 0.,
1855 1099 1875 1119 r

176 1202 183 1211 .
261 1146 385 1211 sed
443 1147 556 1210 hic
625 1167 708 1209 eo
760 1167 1022 1208 rursum
1072 1169 1109 1209 a
1159 1146 1439 1210 Caesare
1491 1146 1753 1226 differt,

258 1247 439 1334 quod
498 1269 830 1332 nunquam
872 1269 1020 1312 sese
1081 1247 1151 1309 in
1199 1261 1462 1312 moneta
1511 1250 1756 1330 apellet

254 1352 618 1418 IIIVIRum
646 1353 1156 1436 ITERum,quo
1182 1351 1374 1417 titulo
1406 1352 1756 1416 Caesarem

257 1472 451 1518 usum
487 1452 791 1522 vidimm.
994 1535 1041 1576 θ

789 1583 833 1622 ι
1208 1579 1252 1624 o
1552 1578 1561 1585 ’

383 1658 470 1723 V.
509 1657 581 1722 C.
628 1678 755 1741 7¹9
805 1658 885 1720 A.
927 1658 1025 1722 X.
1065 1655 1166 1722 35.
1228 1658 1307 1721 L.
1353 1655 1756 1742 Cornufioio,

259 1759 420 1825 Sex.
457 1764 768 1839 Pompeio
813 1760 967 1825 Sex.
1003 1761 1073 1822 F.
1112 1780 1244 1825 cos.
1289 1758 1442 1825 Sex.
1477 1762 1761 1845 Pompe-

254 1861 364 1944 jus
401 1861 471 1923 in
511 1860 665 1924 Asia
699 1859 954 1924 minore
988 1863 1080 1924 Μ.
1108 1860 1375 1922 Antonii
1419 1862 1601 1945 jussu
1652 1881 1762 1925 oc·

258 1963 525 2027 ciditur.
559 1963 880 2026 Antonius
900 1962 1238 2026 Octaviam
1265 1982 1543 2026 uxorem
1558 1964 1762 2029 Athe-

258 2064 367 2127 nis
410 2067 689 2129 Romam
735 2063 987 2131 reverti
1033 2064 1247 2148 jubet,
1300 2062 1444 2149 ipse
1488 2066 1764 2153 Cleopa-

254 2182 405 2230 trae
445 2166 773 2230 amoribus
805 2180 1011 2251 vacat.

390 2270 472 2335 V.
507 2269 581 2335 C.
620 2288 748 2351 720
793 2267 871 2329 A.
907 2270 987 2333 X.
1025 2268 1131 2344 34.
1174 2266 1283 2331 M
1319 2267 1622 2331 Antonio
1659 2267 1761 2336 II.

252 2371 346 2435 L.
388 2370 734 2434 Scribonio
770 2370 1027 2433 Libone
1062 2392 1195 2436 oos.
1241 2369 1471 2437 Varias
1508 2371 1573 2431 in
1611 2391 1763 2454 pro-

252 2470 492 2536 vinciis
542 2470 901 2534 seditiones
951 2470 1324 2555 comprimit
1364 2470 1639 2550 Caesar,
1690 2485 1762 2537 et

254 2572 514 2636 bellum
550 2573 618 2634 in
650 2574 1008 2650 Dalmatas,
1055 2572 1347 2658 aliosque
1384 2586 1587 2655 parat.

390 2674 474 2742 V.
509 2675 584 2739 C.
618 2693 738 2756 721
788 2676 869 2740 A.
907 2677 990 2740 X.
1030 2675 1135 2740 33.
1195 2675 1435 2738 Consul
1486 2677 1563 2736 ΙΙ.
1609 2693 1762 2738 oon-

258 2776 419 2859 lega
471 2778 556 2842 L.
609 2778 922 2840 Volcatio
990 2778 1184 2839 Tullo
1243 2774 1581 2862 procedit,
1639 2775 1761 2840 sed

256 2877 504 2942 eodem
547 2878 657 2941 die
690 2879 943 2943 abdicat
991 2877 1268 2941 suffecto
1303 2881 1381 2943 P.
1401 2879 1759 2943 ⁴Autronio.

254 2981 528 3043 Bellum
566 3001 715 3045 cum
746 2981 1061 3044 Dalmatis
1104 2979 1308 3065 gerit,
1358 2978 1566 3065 iisque
1613 2981 1764 3043 sub·-

252 3083 419 3147 actis
468 3103 703 3167 pacem
748 3084 924 3148 facit.
987 3081 1454 3146 Mauretaniam
1496 3095 1757 3145 mortuo

250 3185 529 3248 Boccho
560 3205 726 3269 rege
755 3184 821 3245 in
853 3184 1257 3268 provinciam
1288 3182 1556 3267 redigit.
1599 3185 1758 3248 Cae-

252 3286 422 3349 saris
456 3298 523 3349 et
555 3286 825 3348 Antonii
855 3286 1215 3349 simultates
1248 3286 1555 3370 gliscunt.

382 3388 465 3455 V.
510 3389 584 3455 C.
631 3387 908 3470 722‘A.
948 3388 1030 3450 X.
1088 3386 1190 3451 32.
1274 3387 1393 3452 Cn.
1444 3388 1753 3450 Domitio

251 3489 738 3566 Ahenobarbo,
779 3482 849 3553 C.
881 3488 1074 3552 Sosio
1100 3511 1233 3554 cos.
1280 3489 1352 3554 C.
1383 3488 1571 3552 Sosio
1600 3507 1754 3552 con·

248 3590 394 3655 sule
426 3592 629 3676 ⁸gravi
683 3592 980 3655 oratione
1027 3591 1095 3651 in
1139 3589 1477 3654 absentem
1522 3592 1753 3654 Caesa-

244 3712 393 3754 rem
424 3692 693 3758 invecto
737 3693 845 3759 hic
879 3692 1093 3756 redux
1127 3695 1221 3756 M.
1253 3692 1521 3757 Antonii
1555 3705 1749 3756 testa-

244 3798 540 3858 mentum
575 3792 750 3878 apud
780 3794 1086 3862 Vestales
1120 3806 1460 3876 repertum
1491 3794 1745 3877 -populo

243 3897 516 3975 recitat,
574 3895 643 3962 vi
690 3897 874 3980 cujus
924 3896 1312 3977 ,Cleopatrae
1355 3895 1552 3959 liberi
1592 3914 1745 3980 pro·

244 3999 606 4064 vinciat-um
633 3999 716 4063 R.
745 3997 1032 4062 heredes
1065 3995 1511 4080 designantur.
1556 3998 1742 4082 Ergo

1870 741 2036 805 tonii
2106 741 2298 805 amici
2365 742 2533 809 urbe
2607 743 2970 827 excedunt,
3019 749 3367 817 ‘Antonius

1873 841 2212 925 Getaviam
2248 843 2574 928 repudiat,
2605 849 2913 935 utrinque
2941 849 3196 918 bellum
3219 873 3368 920 *om-

1870 944 1942 1006 ni
1975 946 2042 1010 vi
2080 958 2447 1029 apparatur.

1996 1047 2079 1123 v.
2102 1048 2173 1110 c,
2196 1047 2323 1128 723
2351 1047 2429 1112 A.
2448 1048 2531 1115 x,
2553 1045 2655 1113 3..
2698 1051 2945 1112 caesar
2971 1038 3213 1118 consid
3234 1057 3369 1123 III.

1869 1147 2172 1233 procedit
2219 1149 2498 1231 conlega
2544 1150 2612 1211 in
2665 1152 2935 1214 Antonii
2985 1154 3208 1223 locum
3259 1160 3366 1220 M.

1830 1328 1845 1339 ·
1873 1251 2147 1315 Valerio
2180 1249 2499 1315 Messala.
2533 1253 2646 1318 IV.
2682 1254 3028 1338 non-Sept.
3046 1258 3373 1323 Antonius

1869 1364 1941 1414 et
1986 1352 2337 1435 Cleopatra
2386 1350 2598 1417 navali
2654 1355 2909 1436 praelio
2965 1358 3048 1419 ad
3107 1360 3374 1449 Actium

1867 1452 2307 1537 debellantur.
2366 1454 2473 1517 Ex
2515 1454 2637 1520 hac
2678 1456 2954 1523 victoria
3003 1458 3215 1527 dictus
3251 1461 3376 1527 im·-

1869 1568 2140 1640 perator
2173 1557 2326 1634 VL,
2367 1569 2442 1619 ut
2476 1556 2896 1640 probabimus
2931 1560 3112 1628 alibi.
3169 1633 3182 1641 ‚

1894 1670 1899 1675 '
1997 1660 2082 1726 V.
2118 1658 2190 1722 C.
2218 1668 2349 1732 724
2389 1660 2470 1726 A.
2501 1661 2581 1722 X.
2618 1660 2722 1724 30.
2777 1663 3027 1725 Consul
3056 1665 3183 1730 IV.
3221 1687 3375 1729 eort-

1873 1758 2028 1842 lega
2088 1761 2189 1823 M.
2236 1760 2507 1822 Licinio
2570 1762 2806 1825 Crasso
2869 1763 2937 1825 in
2994 1764 3367 1850 Aegyptum

1876 1879 2026 1923 cum
2069 1859 2369 1923 exercitu
2412 1861 2705 1945 appellit.
2775 1864 3042 1949 Capitur
3088 1868 3374 1933 Alexan-

1877 1960 2018 2025 dria
2047 1962 2189 2030 Ral.
2216 1962 2447 2027 Sextil.
2480 1968 2536 2046 ⁸)
2580 1966 2672 2029 M.
2703 1964 3050 2047 Antonius,
3085 1983 3152 2033 et
3181 1970 3376 2036 Cleo·-

1874 2070 2058 2150 patra
2102 2063 2351 2127 deserti
2392 2086 2428 2127 a
2469 2064 2639 2141 suis,
2677 2065 2877 2132 rebus
2921 2071 3219 2135 omnibus
3264 2073 3378 2138 de-

1876 2166 2152 2248 speratis
2180 2185 2348 2228 nece
2376 2166 2736 2233 voluntaria
2765 2152 3178 2239 occumbunt.
3211 2175 3376 2240 Cae-

1875 2289 1982 2343 sar
2006 2269 2380 2352 Aegyptum
2404 2268 2808 2334 tributariam
2834 2273 2990 2337 facit
3015 2278 3371 2343 constituto

1875 2369 2179 2453 praeside
2229 2370 2366 2435 Cn.⁸
2389 2371 2702 2435 Cornelio
2737 2373 2930 2439 Gallo
2975 2378 3195 2463 equite
3234 2376 3369 2447 Ro-

1874 2492 2089 2538 mano.
2135 2470 2501 2535 Illviratum
2537 2475 2722 2557 ponit
2751 2474 2838 2558 b).

2001 2573 2087 2641 V.
2126 2573 2199 2638 C.
2235 2576 2365 2655 725
2412 2575 2491 2636 A.
2533 2575 2616 2639 X.
2659 2594 2761 2661 29.
2828 2580 3080 2644 Consul
3125 2585 3209 2649 V.
3256 2581 3377 2645 im-

1873 2686 2140 2756 perator
2177 2675 2324 2742 VII.
2371 2675 2648 2758 conlega
2693 2678 2830 2741 Sex
2867 2681 3206 2764 Appuleio
3239 2685 3374 2747 Ro-

1873 2795 2044 2836 mam
2105 2774 2318 2837 redux
2382 2775 2692 2840 continuo
2756 2778 2976 2842 triduo
3036 2795 3173 2846 tres
3232 2784 3370 2869 agit

1873 2875 2240 2959 triumphos
2255 2921 2273 2953 ‚
2307 2877 2742 2941 Dalmaticum
2757 2924 2774 2956 ‚
2813 2882 3150 2946 Actiacum
3163 2894 3188 2962 ,‘
3215 2886 3374 2949 Ale-

1874 2978 2263 3041 xandrinum
2319 2979 2561 3042 mensis
2615 2980 2880 3044 Sextilis
2934 2983 3042 3046 die
3085 2984 3261 3053 XIV.
3308 2988 3368 3069 ο)

1873 3081 2058 3164 cujus
2098 3099 2289 3143 causa
2329 3079 2437 3143 hic
2475 3081 2716 3143 mensis
2751 3082 2961 3145 serius
2995 3083 3206 3149 dictus
3248 3086 3375 3150 fuit

1871 3181 2202 3265 Augustus
2248 3178 2335 3263 d).
2394 3184 2532 3245 Iani
2572 3184 2888 3268 templum
2921 3184 3246 3250 clauditur
3287 3190 3371 3271 θ).

1869 3282 2253 3347 Honoribus
2288 3284 2588 3348 omnibus
2619 3286 2955 3369 privatim,
2996 3301 3064 3352 et
3099 3288 3368 3373 publice

1868 3399 2219 3463 mactatur,
2310 3386 2653 3471 dictusque
2734 3391 3098 3469 imperator
3176 3391 3371 3455 titulo

1869 3488 2102 3551 summi
2133 3488 2397 3571 imperii
2423 3486 2668 3552 indice.
2715 3489 2917 3570 (Vide
2951 3491 3120 3555 infra
3147 3492 3230 3556 ad
3255 3515 3374 3557 nu-

1867 3611 2011 3654 mos
2040 3591 2221 3656 IMP.
2250 3590 2649 3669 CAESAR.)
2684 3593 3000 3656 Moesiam
3030 3615 3155 3678 per
3183 3596 3373 3660 Cras·

1864 3712 2009 3754 sum
2038 3692 2281 3779 subigit
2296 3735 2326 3770 „
2366 3705 2434 3756 et
2464 3692 2616 3755 hinc
2654 3667 3066 3792 impssratoris
3102 3697 3368 3761 titulum

1861 3791 2057 3857 iterat
2100 3791 2179 3875 ¹).

1907 3934 1916 3943 ·
1984 3895 2070 3961 V.
2101 3894 2172 3957 C.
2205 3895 2358 3977 726.
2391 3895 2473 3963 A.
2504 3896 2582 3962 X.
2605 3895 2708 3961 28.
2739 3888 3015 3961 ‘Consul
3038 3899 3160 3965 VI.
3206 3918 3360 3962 oon-

1860 3996 2013 4078 loga
2074 3996 2178 4059 M.
2235 3996 2551 4081 Agrippa
2606 3999 2701 4063 II.
2782 3993 3095 4062 Lustrum
3167 3999 3360 4078 facit,

244 4100 537 4165 Antonio
567 4101 945 4165 consulatus
981 4099 1051 4160 in
1084 4119 1319 4161 annum
1358 4111 1742 4184 sequentem
1856 4096 2171 4182 plurimas
2202 4096 2391 4182 leges
2421 4096 2713 4181 perfert,
2766 4100 2999 4164 urbem
3046 4098 3364 4165 aedificiis

249 4203 639 4289 abrogatur,
690 4204 1081 4287 Cleopatrae
1121 4198 1376 4263 bellum
1416 4199 1752 4267 indicitur.

249 4305 369 4370 Cn.
400 4303 766 4384 Domitius,
812 4319 883 4369 et
918 4306 990 4371 C.
1021 4302 1247 4367 Sosius
1288 4303 1594 4368 consules
1624 4302 1757 4364 An-

335 4639 399 4706 a)
439 4637 692 4696 Orosius
729 4634 917 4696 1..V1.
954 4654 1007 4694 c.
1030 4647 1117 4709 19.
1171 4596 1426 4692 Kalend.
1465 4619 1672 4691 marin.
1715 4635 1934 4696 Antist.

254 4723 480 4785 lendar.
506 4727 648 4784 Anti
658 4738 737 4784 at.

939 4725 1010 4798 d)
1051 4724 1317 4785 Macrob.
1342 4724 1464 4782 Sat.
1486 4724 1531 4799 Ι.
1563 4744 1616 4783 c.
1640 4735 1725 4785 12.

254 4815 416 4877 hunc
439 4818 693 4878 titulum.
1358 4840 1369 4849 ·

1873 4212 2096 4278 ornat,
2142 4199 2277 4264 vias
2308 4199 2536 4266 munit.

2135 4634 2207 4724 ¹3)
2247 4626 2436 4689 Tacit.
2469 4631 2621 4692 Ann-
2654 4632 2721 4692 L.
2742 4632 2787 4690 1.
2821 4653 2872 4691 c.
2890 4645 2943 4694 2.
3148 4637 3214 4708 e)
3254 4635 3369 4693 Ka-

1922 4726 1991 4797 e)
2032 4722 2275 4783 Sueten.
2305 4744 2354 4783 c.
2375 4735 2464 4785 22.
2665 4724 2722 4793 O
2760 4721 2916 4783 Vide
2942 4720 3055 4781 sub
3083 4721 3263 4782 finem
3291 4725 3372 4782 ad
