4509 5584
1642 554 2224 628 TIBERIVS.

3357 576 3494 657 189

379 726 533 807 pita
565 720 877 801 adversa,
919 725 1260 806 Augusti,
1302 726 1727 810 cuisupeme
1758 727 1882 787 lm-
1994 725 2151 809 pbat
2181 722 2269 806 d).
2330 724 2636 787 Exeunte
2676 742 2844 786 anno
2882 722 3139 788 Tiberii
3170 727 3361 810 jussu
3407 732 3491 793 ad

386 829 596 889 minet
628 836 879 887 astrum
912 825 1117 904 solis,
1162 840 1233 892 et
1273 827 1629 905 Octaviae,
1670 847 1878 910 supra
1990 827 2478 911 componendas
2537 825 2835 892 Orientis
2907 847 3018 890 res
3087 828 3158 891 in
3183 837 3196 846 “
3232 830 3486 913 Syriam

388 947 586 1007 quam
617 928 868 992 lunula.
903 929 1047 993 AB.
1067 927 1417 993 max-mod.
1432 931 1631 1010 (Mus.
1650 928 1872 1010 Caes.)

512 1030 871 1114 Egregium
908 1029 1037 1095 hoc
1066 1031 1388 1094 numisma
1421 1031 1549 1114 jam
1578 1051 1773 1113 supra
1802 1030 1872 1090 in

336 1217 341 1221 .
388 1132 605 1195 numia
649 1131 959 1197 Octaviae
1000 1131 1248 1197 sororis
1291 1133 1573 1217 Augusti
1631 1130 1875 1195 descri-

294 1216 321 1264 9
386 1236 524 1320 psi,
582 1248 649 1298 et
693 1234 1029 1317 explicavi.
1112 1235 1279 1298 Cum
1322 1236 1390 1296 in
1434 1256 1520 1299 eo
1564 1234 1873 1297 Tiberius

386 1335 642 1399 dicatur
697 1338 774 1401 P.
827 1338 910 1397 11.
967 1349 1036 1400 et
1081 1338 1259 1402 ΙΜΡ.
1302 1338 1482 1413 vn„
1540 1331 1874 1419 pontifica-

265 1469 278 1482 ·
382 1452 520 1501 tum
583 1449 799 1500 autem
859 1437 1210 1501 maximum
1278 1440 1644 1522 susceperit
1706 1457 1874 1499 anno

385 1552 733 1624 praesente
756 1582 775 1617 ‚
814 1552 879 1602 α
914 1541 997 1609 V.
1031 1542 1102 1626 C.
1135 1542 1264 1622 775
1298 1539 1613 1605 desiverit
1649 1542 1872 1602 titulus

386 1644 566 1708 MP.
607 1643 783 1719 Vn..
839 1662 1107 1709 necesse
1155 1654 1291 1721 est,
1332 1662 1488 1707 eum
1532 1643 1702 1706 intra
1750 1641 1871 1704 hos

384 1763 595 1807 annos
630 1742 965 1827 signatum.

773 1931 857 1994 V.
891 1930 962 1995 C.
1000 1929 1126 2013 769
1173 1933 1248 1995 Ρ.
1279 1928 1373 1995 .X.
1402 1929 1500 1992 stu.

394 2049 531 2117 ΤΒ.
562 2051 646 2115 Ρ.
678 2048 906 2112 XVII.
942 2051 1214 2115 XVIII.
1262 2048 1455 2150 COS.
1502 2048 1596 2111 II.
1650 2050 1727 2113 P.
1763 2047 1863 2108 M.

910 2170 1121 2238 [MP.
1166 2169 1322 2235 VII.

392 2288 464 2353 T.
507 2287 785 2352 Statilio
825 2286 1068 2367 Tauro,
1112 2290 1193 2354 L.
1230 2288 1579 2353 Scribonio
1610 2235 1867 2352 Libone

1050 2412 1188 2457 cos.

505 2553 935 2617 Germanicus
982 2554 1050 2616 in
1106 2557 1479 2621 Cheruscos
1528 2555 1868 2641 prdfectus

376 2657 745 2720 Arminium
779 2657 955 2740 gravi
975 2659 1230 2740 praelio
1257 2674 1524 2743 superat
1552 2661 1635 2741 ¹).
1667 2658 1868 2740 Aqui-

378 2759 550 2835 lam,
617 2772 684 2823 et
739 2758 922 2843 signa
966 2782 1004 2823 a
1051 2762 1230 2829 Varo
1293 2763 1527 2825 amissa
1592 2779 1869 2844 recupe-

378 2875 480 2926 rat
506 2859 594 2940 ¹²).
666 2925 673 2930 .

499 2962 782 3031 Vnicum
814 2982 1110 3039 numam,
1161 2963 1273 3048 qui
1317 2961 1510 3047 hujus
1552 2962 1636 3026 ait
1682 2961 1867 3038 anni,

379 3085 667 3152 eumque
710 3085 987 3128 aeneum
1018 3069 1101 3131 11.
1134 3064 1386 3128 formae
1431 3064 1688 3148 profert
1724 3067 1867 3128 Μο-

375 3168 610 3232 rellius
656 3167 1067 3250 inscriptum:
1146 3168 1504 3233 PONTIF.
1543 3168 1864 3231 MAXIM.

377 3270 732 3336 TRIBVN.
780 3269 1150 3338 POTEST.
1202 3271 1436 3338 xvm.
1485 3270 1557 3334 S.
1596 3268 1864 3356 Casine

378 3371 713 3437 mentione
750 3372 985 3438 musei.

763 3560 848 3624 V.
887 3557 958 3623 C.
987 3577 1104 3640 770
1141 3562 1219 3623 P.
1247 3557 1340 3624 X.
1374 3576 1474 3639 17.

389 3679 520 3744 ΤΗ.
568 3681 641 3745 Ρ.
678 3677 955 3744 XVIII.
1002 3679 1195 3745 XIX.
1261 3678 1455 3778 COS.
1502 3677 1601 3743 II.
1652 3676 1860 3744 ΗΕΒ.

707 3799 841 3862 ΙΙΙ.
881 3801 956 3864 Ρ.
995 3799 1097 3864 M.
1127 3799 1326 3866 IMP.
1369 3798 1526 3862 VII.

382 3919 452 3983 C.
481 3918 707 3984 Caelio
741 3918 943 4002 Ruso,
977 3918 1056 3981 L.
1076 3920 1422 4002 Pomponio
1457 3918 1700 3982 Flacco
1730 3939 1864 3983 cos.

499 4082 808 4148 Tiberius
875 4082 1109 4147 consul
1171 4086 1280 4150 ΙΙΙ.
1352 4082 1736 4174 designatur
1772 4086 1860 4164 Φ).

374 4185 843 4250 Germanicus.
881 4205 1009 4268 per
1060 4187 1364 4270 ,speciem
1437 4186 1708 4252 honoris
1779 4186 1863 4250 ab

368 4288 665 4353 exercitu
705 4301 1049 4365 avocatur,
1106 4302 1177 4350 et
1212 4289 1348 4356 Vll.
1381 4288 1525 4351 Ral.
1580 4283 1721 4349 Iun.
1773 4285 1859 4350 de

369 4389 760 4467 Cheruscis,
832 4389 1075 4467 Cattis,
1155 4387 1558 4476 Angrivariis
1630 4387 1862 4451 trium·

436 4617 502 4686 a)
536 4612 731 4672 Tacit.
764 4615 921 4674 Anu.
949 4614 1025 4675 11.
1055 4626 1140 4676 17.

354 4707 421 4778 ρ)
452 4703 606 4763 ibid.
639 4714 803 4768 can.
971 4704 1028 4777 s)
1065 4703 1215 4762 ibid.
1251 4716 1408 4770 c.47.
1445 4705 1581 4762 Dio.

359 4797 418 4851 iu
452 4793 639 4871 Calig.
673 4814 725 4853 c.
750 4807 797 4855 ι.

1315 4613 1416 4688 ὡ)
1454 4614 1602 4673 ibid.
1634 4633 1685 4673 c.
1705 4623 1800 4675 25.
1828 4620 1918 4674 41.

1754 4707 1823 4781 g)
1863 4703 2006 4760 Tac.
2039 4701 2193 4760 Anu.
2219 4702 2297 4763 11.
2330 4713 2419 4765 52.

1990 928 2451 1014 proficiscitur.
2581 928 2948 990 Archelaus
3035 929 3484 1013 Cappadociae

1984 1051 2142 1108 rex,
2189 1029 2366 1116 quod
2401 1028 2741 1091 Tiberium
2772 1028 2995 1091 Rhodi
3031 1046 3336 1115 agentem
3369 1055 3484 1098 ne·

1989 1133 2319 1217 glexerat‚
2362 1133 2637 1194 Romam
2679 1143 3023 1208 evocatur,
3068 1145 3135 1195 et
3169 1154 3484 1216 praesens

1989 1236 2055 1296 in
2099 1247 2328 1297 senatu
2370 1233 2674 1296 fictorum
2712 1233 3058 1318 criminum
3101 1251 3484 1317 accusatur3

1989 1350 2052 1398 at
2098 1336 2153 1398 is
2193 1336 2392 1420 longa
2431 1348 2642 1399 aetate
2679 1335 3000 1400 invalidus
3032 1350 3180 1399 ante
3223 1353 3485 1401 senten·

1989 1439 2143 1499 tiam
2194 1457 2318 1499 seu
2367 1437 2683 1515 naturali,
2747 1458 2867 1501 seu
2916 1437 3223 1504 advocata
3269 1453 3483 1504 morte

1986 1539 2147 1602 obit.
2207 1540 2368 1621 Ejus
2415 1558 2694 1623 regnum
2746 1538 2814 1600 iu
2863 1541 3261 1624 provinciam
3310 1541 3484 1605 redi-

1986 1643 2165 1726 gitur
2206 1644 2291 1724 ο).
2352 1641 2721 1706 Duodecim
2750 1641 2945 1705 Asiae
2987 1641 3186 1706 urbes
3220 1658 3486 1708 noctur-

1985 1766 2074 1807 no
2123 1759 2341 1805 terrae
2386 1757 2568 1805 motu
2611 1743 3058 1824 collabuntur,
3119 1759 3184 1808 et
3228 1745 3482 1810 Tiberii

1986 1844 2381 1907 liberalitate
2463 1859 2851 1907 recreantur
2907 1843 2981 1927 s).
3105 1846 3477 1910 Tacfarinas

1984 1948 2266 2010 Numida
2313 1946 2560 2010 bellum
2610 1946 2679 2008 in
2722 1947 2946 2010 Africa
2996 1948 3295 2025 suscitat,
3346 1949 3483 2011 vin-

1974 2048 2281 2132 citurque
2316 2070 2352 2110 a
2391 2047 2595 2109 Furio
2632 2048 2909 2111 Camillo
2943 2052 3030 2129 8).
3237 2043 3250 2050 ’

2104 2151 2389 2211 Numam
2432 2169 2708 2212 aeneum
2743 2152 2822 2211 11.
2861 2149 3114 2214 formae
3157 2171 3194 2214 a
3235 2151 3482 2213 More}—

1980 2252 2073 2316 lio
2120 2251 2524 2333 descriptum
2570 2253 2875 2334 reperio,
2948 2253 3060 2337 qui
3110 2250 3192 2315 ad
3239 2273 3478 2315 annum

1984 2368 2401 2439 praesentem
2439 2367 2537 2417 est
2570 2354 2931 2435 vocandus,
2977 2357 3045 2415 in
3079 2353 3261 2436 cujus
3297 2375 3482 2418 aver·

1977 2477 2085 2519 sa:
2177 2456 2530 2522 PONTIF.
2596 2457 2910 2522 MAxm.
2976 2458 3207 2522 TRIB.
3269 2455 3477 2518 POT.

1977 2557 2212 2624 XVIII.
2264 2557 2454 2621 COS.
2503 2559 2698 2622 DES.
2745 2558 2814 2622 S.
2847 2558 2956 2635 C.‚
3012 2558 3133 2621 sed
3178 2577 3479 2620 museum

1979 2681 2206 2722 rursus
2255 2681 2389 2721 uon
2442 2659 2632 2737 citat,
2705 2679 2921 2745 neque
2977 2660 3149 2723 bunc
3205 2679 3476 2722 numum

1981 2760 2135 2824 alibi
2172 2760 2424 2844 reperi.

2366 2948 2445 3009 V.
2485 2945 2555 3012 C.
2587 2966 2704 3027 77¹
2750 2943 2825 3009 Ρ.
2856 2941 2950 3009 λ’.
2995 2943 3093 3007 18.

2061 3063 2194 3129 ΤΒ.
2229 3066 2303 3127 Ρ.
2337 3063 2538 3129 XIX.
2577 3064 2744 3130 XX.
2784 3063 2973 3129 COS.
3006 3062 3139 3128 III.
3183 3064 3258 3128 P.
3291 3063 3395 3126 M.

2526 3185 2727 3248 IMP.
2769 3184 2929 3248 VII.

1989 3303 2249 3368 Tiberio
2269 3304 2453 3387 Aug.
2469 3304 2599 3367 III.
2614 3304 3011 3369 Germanico
3032 3303 3216 3365 Caes.
3232 3299 3329 3365 II.
3342 3320 3472 3363 cos.

2105 3470 2533 3534 Germanicus
2581 3467 2917 3534 Zenonem
2971 3466 3352 3531 Polemonis
3399 3465 3476 3528 fi-

1976 3574 2139 3637 lium
2196 3571 2500 3658 populari
2560 3571 2869 3636 Artaxiae
2919 3570 3184 3634 nomine
3239 3571 3474 3652 Arme·

1975 3676 2123 3740 niae
2183 3696 2418 3759 regem
2473 3674 2784 3741 nominat.
2867 3670 3350 3758 Cappadociae,
3405 3683 3476 3734 et

1977 3778 2421 3863 Commagene
2468 3777 2537 3838 in
2581 3776 2986 3861 provinciam
3034 3761 3159 3861 pe'r
3203 3775 3474 3838 Germa·

1975 3878 2194 3941 uicum
2281 3877 2565 3964 redactis
2651 3877 3098 3963 magistratus,
3139 3880 3471 3966 Romanos

1972 3979 2394 4066 praeficit-¹¹).

2312 4084 2421 4149 ΤΙ.
2453 4082 2659 4150 D1V1.
2692 4080 2774 4145 F.
2805 4076 3298 4148 AVGVSI'VS.
3350 4081 3471 4145 Ca-

2294 4195 2422 4267 put
2460 4184 2859 4245 laureatum.

1978 4288 2120 4352 ΤΒ.
2146 4283 2354 4350 ΡΟΤ.
2384 4284 2524 4350 XX.
2589 4284 2899 4345 Victoria
2927 4281 3128 4360 globo
3170 4282 3468 4342 insidens

1975 4391 2280 4453 lauream
2313 4398 2526 4468 aptot.
2573 4381 2772 4478 Quin.
2812 4382 2959 4450 AV.
2996 4380 3353 4464 (Metelli.)

2131 4612 2192 4684 c)
2232 4611 2377 4668 Tac.
2405 4611 2560 4670 Anu.
2592 4607 2668 4667 11.
2700 4618 2788 4670 42.
3007 4608 3078 4682 d)
3117 4607 3265 4668 ibid.
3301 4619 3462 4672 cau.

2593 4697 2670 4770 h)
2708 4698 2850 4756 Tac.
2878 4699 3030 4758 Anu.
3063 4699 3135 4758 11.
3173 4700 3261 4764 56.
3304 4699 3463 4759 Suet.
