4509 5584
1745 546 2085 623 OTHO.

669 639 702 652 -

367 721 706 788 continuas
750 719 990 797 series,
1036 738 1188 783 eum
1233 715 1315 779 ad
1358 736 1598 780 aeneos
1646 716 1856 781 Otho·

364 826 466 887 nis
497 835 888 907 perventum
913 834 1040 896 est,
1074 833 1336 903 turpem
1367 817 1608 882 hiatum
1641 832 1856 882 osten·

361 937 529 990 tare.
615 927 781 987 Eam
839 922 1128 1006 inopiam
1189 942 1376 983 suum
1425 919 1713 984 dedecus
1757 942 1856 981 ar·

362 1025 588 1089 bitrati
626 1046 858 1108 magna
899 1009 1217 1108 pecuniae
1279 1020 1348 1086 vi
1413 1021 1628 1085 oblata
1683 1021 1857 1084 redi·

361 1147 550 1192 mere
611 1127 750 1208 ejus
810 1127 1071 1211 generis
1125 1122 1457 1186 cimelium
1511 1121 1854 1207 parabant,

359 1229 703 1313 visumque
777 1242 917 1290 tum
991 1246 1267 1291 aeneum
1325 1225 1609 1289 Othonis
1665 1235 1858 1307 caput

363 1329 621 1415 ingenti
681 1328 928 1413 pretio,
1005 1347 1083 1391 ac
1148 1327 1455 1413 praemiis
1507 1324 1855 1388 addictum.

361 1432 457 1494 Et
500 1444 712 1507 erant,
769 1430 881 1516 qui
924 1444 1096 1494 stare
1137 1429 1477 1515 promissis
1519 1439 1820 1511 poterant
1835 1446 1856 1505 3

362 1553 515 1596 nam
543 1552 678 1594 non
705 1532 833 1596 viri
865 1532 1060 1595 modo
1090 1532 1366 1607 literati,
1403 1547 1633 1595 verum
1662 1528 1857 1590 etiam

361 1634 697 1721 principes
786 1632 1072 1697 Othonis
1166 1632 1352 1697 aenei
1456 1628 1859 1714 adipiscendi

366 1755 606 1819 magno
648 1734 1006 1817 flagrabant
1050 1733 1415 1811 desiderio,
1475 1753 1637 1817 quos
1683 1732 1859 1793 inter

365 1836 739 1902 nominasse
799 1836 1137 1900 suffecerit
1199 1831 1690 1898 ferdinandum
1743 1834 1854 1896 111.

362 1937 570 2020 Aug„
638 1937 833 2022 eique
890 1959 1203 2005 coaevum
1245 1934 1662 2019 Leopoldum
1705 1932 1862 1994 Gui-

363 2038 666 2103 lielmum
696 2029 1151 2115 archiducem,
1184 2052 1252 2102 et
1274 2037 1664 2102 christinam
1700 2035 1863 2097 Sue-

368 2160 598 2212 corum
685 2140 1000 2225 reginam.
1103 2140 1318 2204 Illecti
1402 2153 1530 2201 tam
1574 2135 1860 2198 liberali-

365 2238 493 2305 bus
543 2243 887 2326 ,promissis
945 2242 1336 2324 impostores
1387 2260 1521 2301 uon
1580 2237 1857 2300 defuere

366 2343 476 2407 rei
526 2365 713 2421 suae,
770 2357 836 2407 et
882 2364 1005 2428 qua
1052 2342 1388 2426 pollebant
1417 2341 1489 2404 in
1537 2336 1862 2402 imitandis

366 2445 587 2508 numis
654 2444 987 2508 veteribus
1047 2442 1473 2519 dexteritate,
1560 2440 1862 2524 exempla

368 2566 504 2608 non
557 2565 760 2630 pauca
805 2545 906 2607 sui
962 2546 1216 2630 operis,
1267 2545 1449 2609 velut
1505 2563 1587 2607 ex
1640 2556 1859 2606 terrae

365 2646 735 2728 yisceribus
784 2660 998 2723 eruta,
1077 2667 1315 2710 venum
1369 2644 1713 2722 obtulere,
1763 2656 1865 2707 at·

371 2768 501 2831 que
556 2763 626 2811 ut
676 2748 917 2812 certius
973 2747 1283 2810 fallerent
1333 2746 1663 2822 incautos,
1712 2765 1750 2807 e
1785 2765 1862 2808 re

359 2849 617 2925 nisum,
708 2849 1062 2933 genuinum
1135 2847 1405 2911 alterius
1482 2846 1862 2930 imperantis

370 2963 566 3034 caput
614 2950 680 3012 in
713 2949 994 3015 Othonis
1046 2970 1157 3026 os,
1208 2970 1285 3012 ac
1337 2947 1588 3014 vultum
1640 2946 1864 3010 subtili

341 3051 649 3115 ,artificio
693 3050 1183 3115 transformare.
1240 3049 1398 3114 Fuit
1431 3047 1863 3133 ignominiosa

369 3152 538 3216 haec
601 3145 719 3215 ‘ars
780 3151 1080 3215 Othones
1157 3171 1392 3216 aereos
1466 3146 1867 3214 obtrudendi

368 3254 503 3336 jam
554 3253 677 3317 sub
726 3254 883 3337 ipsis
920 3255 1022 3315 rei
1069 3252 1554 3316 numismaticae
1602 3251 1864 3314 incuna-

369 3354 545 3418 bulis
594 3355 918 3432 exercita,
961 3367 1032 3417 et
1071 3353 1283 3417 fatalis
1318 3353 1430 3429 iis,
1489 3353 1599 3438 qui
1636 3352 1737 3414 his
1777 3350 1866 3414 ci-

274 3467 298 3500 ·
373 3457 592 3521 meliis
651 3455 1183 3532 delectabantur.
1273 3455 1538 3517 Etenim
1610 3452 1866 3516 Aeneas

373 3558 573 3631 ,Vicus
591 3556 996 3633 Parmensis,
1025 3556 1347 3619 Antonius
1382 3556 1537 3617 Piso
1565 3554 1659 3636 (le
1677 3551 1866 3632 Pois)

361 3659 631 3737 Gallus,
729 3658 1051 3721 Antonius
1126 3657 1527 3739 Augustinus
1601 3655 1868 3738 praesul

374 3760 918 3837 Tarraconensis,
995 3757 1107 3844 qui
1154 3759 1326 3824 circa
1381 3756 1631 3823 saeculi
1684 3756 1863 3822 xvl.

370 3858 716 3924 dimidium
755 3861 1014 3945 scriptis
1055 3860 1187 3923 suis
1229 3861 1638 3935 inclaruere,
1692 3856 1867 3921 frau-

371 3962 526 4026 dem
549 3962 680 4047 jam
713 3976 849 4025 tum
880 3962 1140 4025 diditam
1176 3961 1603 4037 detexerunt,
1639 3958 1866 4021 memi-

367 4063 599 4147 nitque
651 4064 884 4126 horum
949 4073 1319 4147 postremus
1380 4062 1636 4126 Ioannis
1681 4058 1863 4122 Cavi-

364 4165 440 4228 ni
482 4166 894 4243 Parmensis,
966 4187 1272 4250 magnum
1323 4163 1403 4227 ab
1452 4161 1724 4225 infausta
1782 4179 1862 4223 ea

371 4266 644 4332 scientia
713 4287 953 4331 nomen
1016 4266 1257 4350 adepti.
1349 4264 1520 4327 Satis
1581 4274 1863 4339 constat,

372 4368 692 4453 deceptos
734 4368 971 4432 horum
1013 4367 1243 4432 stende
1301 4387 1434 4430 nou
1480 4385 1718 4449 paucos
1771 4363 1864 4425 in·

353 4469 582 4555 ‚signis
637 4470 846 4534 famae
906 4469 1228 4546 eruditos,
1302 4482 1371 4532 et
1421 4489 1462 4530 a
1514 4466 1676 4533 viris
1728 4467 1867 4529 lau-

327 4570 561 4635 'tioris
637 4570 973 4649 fortunae,
1065 4589 1230 4655 quos
1303 4568 1480 4633 inter
1558 4567 1867 4632 Carolum

452 4779 516 4848 a)
554 4777 702 4841 nist.
736 4799 896 4840 uum.
930 4800 1059 4858 cap.
1078 4793 1165 4842 21.
1314 4781 1387 4851 b)
1426 4796 1560 4856 pag.
1586 4787 1709 4841 1¹4.

3321 575 3464 645 30³

1968 718 2253 799 Croyum
2284 712 3022 782 ducemArscbotanum
3044 765 3063 799 ,
3118 736 3187 787 et
3220 723 3459 791 ducem

1966 817 2509 902 Bukinghamium
2577 832 2897 881 memorat
2952 821 3256 903 historia,
3328 851 3460 892 ma-

1968 940 2158 1004 gnam
2213 919 2530 1002 pecuniae
2597 941 2909 983 summam
2963 923 3030 984 in
3086 924 3458 996 deformem

1965 1020 2132 1085 hanc
2174 1042 2465 1096 mercem
2532 1023 2902 1085 inconsulto
2948 1023 3240 1093 effusam.
3326 1031 3461 1093 De·

1970 1125 2160 1188 tectis
2216 1122 2547 1207 paullatim
2598 1124 2713 1202 ‚his
2772 1127 3151 1210 praestigiis
3220 1150 3457 1214 magno

1970 1239 2183 1303 motu,
2230 1238 2424 1309 atque
2458 1224 2737 1290 adsensu
2777 1226 2960 1292 vario
2990 1229 3219 1311 agitari
3265 1253 3462 1315 quae-

1971 1326 2096 1390 stio
2139 1341 2411 1409 coepta,
2474 1341 2693 1390 utrum
2739 1330 3099 1392 existerent
3143 1332 3463 1398 indubita-

1970 1442 2074 1491 tae
2133 1425 2292 1489 fidei
2332 1430 2510 1489 numi
2554 1428 2836 1492 Othonis
2890 1431 3079 1494 aenei
3123 1433 3459 1500 commatis

1970 1521 2260 1612 antiqui?
2325 1530 2663 1612 Negarunt
2718 1530 2892 1594 istud
2938 1532 3060 1596 viri
3104 1557 3141 1597 a
3182 1536 3286 1599 rei
3344 1560 3464 1602 nu-

1970 1630 2368 1694 mismaticae
2418 1652 2545 1692 usu
2602 1643 2669 1693 et
2723 1633 3190 1699 exercitatione
3226 1638 3467 1723 inclyti

1968 1731 2286 1808 nominis,
2349 1732 2701 1816 praecipue
2748 1733 2860 1816 qui
2908 1734 2976 1796 in
3021 1736 3201 1800 Italia
3244 1760 3463 1805 versa.

1969 1834 2237 1910 bantur,
2299 1845 2368 1894 et
2402 1833 2672 1898 celebre
2703 1847 2839 1896 tum
2873 1856 2997 1918 per
3029 1839 3317 1903 omnium
3347 1862 3467 1909 ora

1973 1934 2100 1997 fuit
2159 1933 2527 1997 Christinae
2578 1934 2921 2000 oraculum
2988 1931 3419 2009 edisserentis
3440 1967 3462 2009 ι

1974 2038 2093 2114 qui
2116 2055 2377 2097 aereum
2420 2038 2744 2100 Othonem
2758 2045 3072 2121 repererit
3093 2048 3463 2126 antiquum,

1966 2134 2800 2220 phllosophicumdapidem
2818 2141 3164 2207 invenerit.
3210 2147 3306 2209 Ea
3339 2147 3465 2211 dia-

1973 2236 2254 2319 ceptatio
2312 2240 2721 2303 occasionem
2782 2237 2963 2303 dedit
3021 2223 3465 2314 dissertationi

1975 2341 2055 2401 de
2081 2339 2457 2402 othonibus
2494 2346 2727 2416 aereis,
2762 2360 2951 2427 quam
2967 2342 3151 2426 jussu
3173 2350 3468 2436 Leopol·

1978 2437 2046 2500 di
2089 2437 2455 2503 archiducis
2516 2442 2931 2508 elucubratus
2995 2461 3093 2510 est
3136 2450 3468 2518 Henricus

1978 2540 2266 2604 Thomas
2325 2542 2692 2607 chiffletius
2760 2545 3029 2629 reginae
3097 2551 3466 2621 Christinae

1974 2642 2046 2706 in
2103 2642 2271 2706 urbe
2315 2666 2351 2706 a
2394 2645 2594 2708 sacris
2650 2644 3013 2729 obsequiis,
3073 2671 3238 2733 quae
3282 2654 3468 2717 dein·

1979 2763 2136 2826 ceps
2190 2746 2434 2807 inserta
2478 2766 2767 2830 quoque.
2799 2759 2900 2812 est
2944 2748 3156 2814 Tomo
3198 2756 3250 2819 1.
3308 2758 3469 2822 novi

1978 2843 2301 2908 Thesauri
2358 2847 2550 2908 Rom.
2607 2850 2902 2934 antiquit.
2949 2852 3295 2936 Salengrii.
3391 2861 3471 2920 In

1973 2944 2100 3008 bac
2183 2946 2288 3011 vir
2370 2948 2665 3013 eruditus
2745 2954 3027 3034 probare
3108 2951 3470 3036 contendit,

1972 3048 2225 3111 nullum
2248 3048 2513 3112 omnino
2533 3063 2790 3116 exstare
2813 3053 3145 3118 Othonem
3170 3078 3493 3139 aeneum,

1980 3148 2092 3233 qui
2137 3170 2294 3214 vere
2343 3151 2642 3236 antiquus
2689 3155 2804 3232 sit,
2879 3168 2948 3219 et
2994 3157 3105 3240 qui
3150 3158 3468 3226 hactenus

1980 3247 2180 3313 oblati
2216 3266 2388 3329 sunt,
2429 3273 2573 3316 esse
2608 3255 2886 3337 spurios,
2916 3271 3025 3364 aut
3056 3278 3140 3322 ex
3165 3263 3469 3342 genuinis

1977 3371 2102 3435 per
2133 3351 2431 3417 fraudem
2467 3355 3441 3422 confictos..

2103 3453 2266 3515 Acri
2326 3455 2699 3522 Othoniano
2769 3456 3325 3542 indulgentiorem
3394 3486 3468 3529 sc

1980 3555 2283 3638 praebuit
2334 3556 2604 3620 Carolus
2636 3547 2910 3623 'Petinus
2952 3562 3244 3627 medicus
3289 3566 3470 3628 Pari-

1981 3657 2247 3735 siensis',
2324 3657 2435 3744 qui
2496 3679 2627 3728 non
2694 3661 2893 3725 modo
2950 3664 3286 3747 professus
3345 3683 3470 3746 est,

1979 3780 2111 3823 non
2156 3780 2399 3842 paucos
2455 3774 2713 3825 exstare
2757 3761 2927 3826 aeris
2986 3767 3244 3830 sincere
3290 3783 3470 3835 vete·

1977 3861 2107 3937 ris,
2170 3876 2363 3946 atque
2406 3882 2444 3926 a
2487 3882 2560 3927 se
2604 3876 3027 3948 conspectos,
3088 3882 3156 3931 et
3198 3869 3268 3931 in
3309 3865 3471 3954 rigi-

1978 3960 2132 4026 dum
2166 3984 2443 4026 examen
2475 3978 2741 4028 vocatos
2786 3968 2882 4044 ⁸),
2940 3965 3113 4029 sed
3092 3990 3234 4050 ipse
3274 3961 3469 4034 etiam

1977 4063 2352 4179 complures
2395 4065 2533 4139 eius
2577 4065 2841 4147 generis
2889 4067 2958 4127 in
2999 4068 3216 4132 lucem
3260 4061 3466 4134 edidit

1976 4183 2122 4227 cum
2185 4165 2251 4225 in
2316 4165 2657 4242 Thesauro
2717 4169 3102 4231 Manroceni
3144 4169 3240 4252 l³),
3328 4185 3463 4237 tum

1975 4267 2044 4326 in
2091 4263 2223 4327 suis
2284 4265 2749 4349 imperatorum
2806 4270 3054 4345 numia,
3114 4276 3468 4356 permovit-

1979 4385 2106 4451 que
2153 4366 2554 4431 chiffletium
2613 4369 2862 4452 ipsum,
2937 4383 3010 4434 ut
3065 4372 3132 4435 in
3193 4371 3463 4457 gratiam

1980 4488 2128 4532 cum
2170 4469 2395 4533 aeneis
2440 4469 2722 4564 chonis
2777 4472 2991 4564 numis
3047 4476 3330 4554 rediret,
3388 4475 3469 4543 'ut

1980 4581 2160 4653 patet
2206 4589 2290 4633 ex
2324 4568 2469 4634 data
2511 4572 2653 4654 ejus
2697 4572 2781 4636 ad
2823 4574 3120 4639 Patinum
3171 4571 3469 4664 epistola,
