4509 5584
1205 1277 2646 1445 PRAEFATIQ

1842 1578 1885 1609 *-

248 1714 541 1893 Rem
581 1808 1125 1894 monetariam
1164 1808 1489 1923 imperii
1517 1816 1869 1901 Romani
1886 1821 2299 1933 explicare
2338 1829 2796 1941 aggredior,
2859 1864 3022 1950 quo
3063 1842 3388 1928 nullum
3436 1912 3448 1935 .

248 1950 672 2035 hactenus
712 1947 936 2031 orbis
971 1926 1181 2033 vidit
1223 1951 1656 2079 augustius
1676 2016 1704 2056 ,
1763 1954 2089 2041 nullum
2145 1961 2427 2048 famae
2477 1970 2737 2082 magis
2771 1991 3244 2089 porrectae,
3304 1996 3392 2077 et

244 2087 628 2203 quadam
664 2080 1021 2193 nominis
1061 2087 1654 2200 superstitione
1691 2093 1955 2209 magis
1992 2113 2598 2229 consecratum.
2630 2106 2961 2205 Tamen
2989 2112 3393 2230 amplissi-

242 2255 503 2311 mum
538 2221 761 2311 istud
824 2223 1217 2309 meritum
1268 2254 1566 2339 parurn
1624 2230 1731 2314 ad
1785 2231 2255 2321 institutum
2306 2269 2588 2326 meum
2645 2249 3144 2361 pertineret,
3205 2258 3388 2366 nisi,

252 2376 673 2476 quantum
734 2374 1018 2447 vetera
1090 2363 1433 2475 imperia
1494 2367 1851 2454 excessit
1908 2372 2276 2484 potentia
2338 2390 2426 2462 et
2499 2382 2966 2499 majestate,
3055 2406 3387 2493 tantum
3429 2440 3449 2455 -

250 2502 515 2587 etiam
550 2511 936 2585 monetae
973 2501 1432 2613 superstitis
1472 2514 1559 2587 et
1590 2503 1857 2618 copia,
1913 2520 2001 2592 et
2039 2517 2588 2625 praestantia,
2648 2535 2732 2606 et
2791 2527 3194 2615 varietate
3242 2561 3387 2618 an-

236 2640 525 2725 teiret.
584 2639 975 2724 Monetae
1009 2638 1458 2725 consularis
1501 2642 1836 2727 tametsi
1875 2643 2382 2736 incredibilis
2421 2683 2820 2744 numerus
2864 2665 2969 2748 ad
3020 2682 3386 2754 nostram

248 2805 527 2905 usque
575 2791 933 2863 aetatem
982 2776 1356 2882 duravit,
1415 2792 1701 2863 tamen
1735 2809 2031 2892 parum
2091 2786 2230 2872 illo
2282 2791 2792 2881 satisfactum
2851 2802 3089 2889 nohis
3142 2822 3382 2921 puta-

250 2944 466 3000 mus.
527 2914 939 3024 Principio
1000 2915 1269 2999 solum
1316 2943 1454 2999 aes
1501 2914 1606 2997 ad
1663 2916 2057 3010 incudem
2103 2939 2536 3038 vocatum,
2600 2939 2919 3094 argenti
2968 2972 3130 3027 usu
3174 2974 3381 3029 non-

246 3055 414 3139 nisi
478 3055 681 3137 sero'
708 3055 1085 3159 invecto,
1144 3056 1328 3138 auri
1388 3058 1563 3140 fere
1606 3053 1947 3166 ignoto,
2007 3062 2232 3145 nulla
2301 3078 2485 3149 111111
2544 3068 2818 3155 adhuc
2889 3075 2976 3156 in
3026 3089 3382 3191 utroque

246 3194 594 3278 metallo
639 3208 1033 3308 typorum
1098 3193 1545 3299 varietate,
1602 3191 1871 3280 donec
1928 3200 2534 3309 praefectorum
2597 3224 2984 3297 monetae
3034 3213 3378 3323 vanitaS,

248 3343 337 3414 et
373 3331 745 3442 jactandi
779 3333 1103 3445 generis
1140 3328 1395 3415 libido
1436 3334 1740 3419 veteris
1781 3335 2324 3451 simplicitatis
2364 3341 2784 3458 fastidium
2827 3348 3148 3437 levavit.
3209 3353 3374 3437 Sed
3423 3371 3429 3381 '

247 3500 530 3584 neque
576 3471 704 3557 sic
760 3474 1313 3586 impetrav‘ere
1337 3538 1363 3577 ,
1444 3483 1542 3556 ut
1591 3502 1759 3556 11011
1816 3473 1978 3557 0110
2035 3444 2687 3568 desideraremus
2752 3488 3078 3598 posteri.
3166 3494 3369 3574 Gra·
3487 3480 3497 3497 '

242 3607 417 3693 tius
470 3609 697 3694 enim
745 3611 986 3694 nohis
1039 3607 1478 3693 accidisset
1503 3676 1529 3715 ,
1585 3610 2067 3721 praefactis
2111 3614 2514 3729 antiquis,
2573 3621 2839 3735 iisque
2885 3624 3375 3741 plerumque

234 3744 646 3832 fabulosis
667 3818 691 3856 ,
746 3747 1049 3834 videre
1094 3747 1213 3864 in⁴
1249 3759 1587 3831 moneta
1634 3748 1964 3860 publice
2019 3751 2420 3871 imperata
2463 3783 2621 3843 ‘res
2678 3776 2947 3871 gestas
3010 3787 3110 3850 eo
3162 3781 3373 3852 tem-

246 3909 452 4002 pore
471 3956 497 3995 ,
559 3914 723 4000 quo
784 3886 1106 4000 signata
1166 3884 1347 4001 ipsa
1390 3884 1552 3969 fuit
1573 3944 1600 3988 ,
1652 3899 1735 3969 et
1806 3886 2170 4001 aliquam
2227 3893 2520 3980 saltem
2574 3896 2827 3982 fuisse
2889 3902 3375 3990 adstitutam

246 4039 536 4111 notam
604 4012 1319 4137 chronologicam,
1380 4049 1594 4134 quae
1655 4026 1888 4107 numi
1946 4031 2316 4138 percussi
2385 4045 2783 4144 aetatem,
2842 4038 2914 4123 si
2966 4071 3133 4126 11011
3193 4073 3371 4128 001-

244 4182 422 4251 tam
472 4162 1110 4276 definitamque,
1183 4173 1270 4245 at
1327 4159 1619 4243 saltem
1672 4161 2033 4247 vicinam
2092 4166 2496 4285 edoceret.
2563 4172 2740 4281 Alia
2803 4179 2959 4260 sub
3014 4180 3374 4293 impera-

242 4302 563 4389 toribus
609 4298 993 4386 monetae
1033 4297 1305 4383 facies.
1365 4298 1707 4383 Praeter
1746 4301 2311 4419 promiscuum
2354 4307 2695 4422 triplicis
2748 4316 3054 4399 metalli
3120 4345 3370 4402 usum

237 4441 525 4527 habita
579 4442 833 4526 etiam
891 4439 1135 4523 ratio
1158 4440 1612 4567 praesentis
1664 4439 2098 4552 fortunae,
2150 4444 2272 4527 rei
2335 4440 2561 4529 domi
2616 4449 2978 4565 forisque
3031 4453 3369 4570 insigni-

238 4595 367 4667 ter
402 4593 747 4693 gestae,
786 4577 1254 4662 officiorum
1303 4575 1692 4691 principis
1743 4576 1831 4660 in
1877 4579 2317 4692 populum,
2378 4596 2466 4667 et
2514 4583 2917 4700 vicissim,
2988 4605 3075 4675 et
3113 4622 3364 4707 quae-

236 4744 573 4843 cunque
640 4718 727 4801 111
795 4715 1071 4825 amplo
1143 4714 1535 4826 imperio
1530 4715 1657 4798 ad
1715 4716 2203 4799 memoriam
2275 4718 2521 4833 digne
2593 4726 2800 4836 geri
2831 4756 3359 4817 consuevere.

2556 4890 2602 4941 a
2669 4872 2710 4935 2
