4509 5584
1472 542 1574 617 M.
1639 541 2290 619 Amromv‘s.
3047 520 3064 645 j
3339 570 3429 641 55

310 727 508 798 ptum
542 711 694 780 viae
728 709 800 773 in
831 725 1095 776 moneta
1125 711 1318 797 huju·
1353 710 1557 779 urbis.
1599 688 1847 776 Alium'

308 814 502 879 urbis
530 815 830 900 {ignotae
889 814 1100 878 edidit
1149 813 1555 884 Vaillantius.
1629 815 1819 881 Alius

2070 680 2351 779 Colonia
2383 710 2681 779 Cabellio
2722 716 3014 799 ejusdem
3050 717 3432 785 Narbonen-

1936 815 2026 880 sis
2061 827 2135 879 ut
2165 814 2549 880 lIIvirorum
2593 818 2916 899 omnium,
2960 820 3053 886 sic
3090 833 3159 885 et
3189 820 3428 908 Lepidi

314 936 495 979 cnm
520 916 665 1015 ejus
708 917 920 1002 capite
963 939 1000 982 a
1042 915 1195 981 Cois
1220 915 1532 1002 signatus
1574 915 1822 996 fertur,
1935 937 2178 984 nomen
2213 916 2359 991 aeri
2386 937 2508 984 suo
2539 917 2778 988 intulit.

309 1018 437 1082 sed
475 1018 561 1083 de
596 1018 783 1102 cujus
818 1018 953 1082 fide
985 1018 1171 1081 lubet
1206 1016 1546 1098 dubitare,
1592 1031 1669 1085 ut
1710 1017 1821 1085 ad-

304 1119 491 1184 verti
522 1119 607 1182 in'
625 1118 869 1185 horum
899 1132 1191 1186 moneta.
1614 1164 1619 1175 ·

1546 1442 1551 1446 ὁ
1584 1345 1810 1412 PRE·
1828 1346 2139 1413 TlVM.

320 1469 695 1532 commatis
737 1466 1050 1530 Romani.

721 1566 933 1631 Aurei

715 1669 1042 1753 Argentei

714 1771 933 1834 Aenei

312 1875 690 1939 Commatis
724 1876 1103 1955 ρεπεν-ἰπὶ,
1141 1885 1217 1937 ut
1258 1892 1413 1938 mox
1455 1870 1733 1947 dietum,
1843 1907 1872 1921 -

2236 1602 2274 1617 -
2428 1605 2460 1622 -
2623 1604 2653 1621 ·
2821 1572 3027 1639 ΗΠΒ.

2231 1908 2264 1923 -
2427 1909 2456 1923 -
2618 1907 2647 1925 -
2757 1876 3020 1939 .RRR.

1386 2193 1400 2205 “
1473 2200 1579 2263 Μ.
1638 2186 2272 2265 ANTONIVS.

437 2383 645 2446 Natus
689 2401 811 2447 avo
853 2381 946 2444 M.
989 2377 1278 2444 Antonio
1332 2392 1597 2444 oratore
1652 2378 1811 2443 insi-

304 2483 459 2568 gni,
528 2496 721 2568 patre
776 2485 874 2552 M.
916 2482 1210 2571 Antonio,
1259 2480 1559 2561 Cretico,
1629 2468 1804 2546 unde

300 2585 635 2647 in'numis
678 2586 899 2649 Marci
938 2585 1162 2650 Filius
1196 2582 1416 2647 Marci
1455 2584 1672 2668 Nepos
1714 2582 1809 2649 di·

304 2687 502 2753 citur.
576 2686 798 2749 Prima
856 2684 1177 2770 stipendia
1229 2684 1349 2747 sub
1401 2679 1679 2748 Gabinio
1736 2684 1805 2747 in

308 2789 503 2871 Syria
561 2787 840 2866 meruit,
907 2787 1015 2852 cui
1066 2787 1151 2855 V.
1196 2787 1267 2852 C.
1312 2788 1437 2870 699
1492 2789 1557 2848 in
1613 2778 1810 2850 redu·

306 2890 526 2955 cendo
604 2890 671 2952 in
744 2909 1026 2972 reg-num
1086 2889 1471 2952 Ptolemaeo
1543 2902 1808 2972 praesto

304 2992 434 3055 fnit
474 2994 555 3074 ⁸).
606 2991 715 3054 Ad
752 2993 804 3057 1.
841 2992 1189 3055 Caesarem
1225 2990 1292 3052 in
1324 2991 1566 3054 Gallias
1599 3004 1808 3053 trans-

308 3115 617 3179 gressus,
686 3114 834 3157 cum
877 3114 952 3155 se
993 3093 1096 3154 illi
1135 3106 1438 3176 prompta
1492 3091 1805 3177 fidelique

309 3216 517 3280 opera
579 3193 1105 3269 commendaret,
1165 3214 1250 3258 co
1303 3206 1540 3279 agente
1599 3194 1683 3261 V.
1729 3193 1803 3258 C.

308 3299 437 3372 705
492 3309 757 3361 creatus
791 3295 1102 3377 [tribunus
1161 3295 1383 3379 plebis·
1436 3294 1808 3358 intercessit

306 3410 576 3461 senatus
609 3390 945 3477 consulto,
990 3397 1338 3461 Caesarem
1373 3397 1673 3480 legiones
1713 3397 1809 3458 dii-

309 3502 577 3564 mittere
646 3498 921 3582 jubenti.
1016 3496 1162 3593 Qua
1237 3499 1323 3562 de
1390 3519 1582 3562 causa
1655 3518 1807 3561 cum

308 3602 443 3665 vim
486 3600 614 3664 sibi
656 3599 964 3664 intentari
1005 3600 1299 3679 videret,
1352 3600 1587 3665 relicta
1639 3599 1804 3663 urbe

306 3702 391 3765 ad
426 3703 797 3766 ‘Caesarem
850 3701 1037 3787 fugit.
1107 3694 1191 3771 V.
1234 3701 1316 3769 G.
1361 3703 1487 3785 706
1543 3701 1611 3764 in
1663 3701 1805 3765 acie

304 3804 687 3868 Pharsalica
769 3803 1069 3883 sinistro,
1117 3805 1350 3867 cornui
1430 3802 1805 3887 praefectus

306 3927 456 3970 rem
484 3906 823 3989 praeclare
859 3906 1053 3991 gerit.
1094 3907 1179 3974 V.
1202 3908 1276 3973 C.
1304 3927 1434 3991 707
1463 3929 1499 3971 a
1527 3897 1805 3970 Caesare

305 4007 626 4090 magister
672 4009 966 4091 equitum
1014 4007 1305 4072 adlectus
1355 4028 1439 4072 eo
1480 4007 1551 4070 in
1590 4009 1805 4092 Aegy-

304 4123 424 4195 pto
458 4104 745 4194 Asiaque
781 4109 1051 4173 absente
1095 4130 1204 4173 res
1248 4109 1317 4171 in
1359 4109 1523 4173 urbe
1566 4130 1804 4195 procu·

303 4226 433 4278 rat.
494 4212 579 4278 V.
627 4213 702 4278 C.
746 4230 874 4293 710
925 4214 1153 4275 consul
1196 4210 1474 4295 conlega
1518 4213 1801 4276 Caesare

305 4314 652 4391 dictatore.
738 4304 1108 4378 Interfecto
1168 4314 1326 4381 idib.
1369 4313 1623 4378 Martiis
1684 4315 1808 4375 ·1u-

304 4418 400 4480 lio
443 4438 597 4481 suae
640 4416 928 4501 primum
971 4417 1157 4480 vitae·
1184 4431 1484 4481 metuens
1537 4436 1805 4501 percus-

304 4506 529 4582 sorum
602 4538 865 4583 causam
941 4517 1241 4602 suscipit,
1316 4519 1572 4604 lataque
1646 4519 1801 4603 lege

376 4780 436 4851 a)
474 4774 627 4837 PlutL
658 4776 724 4834 in
757 4780 977 4835 Antou.

1923 2378 2306 2444 dictaturam
2362 2379 2433 2441 in
2490 2391 2885 2465 perpetuum
2950 2377 3204 2457 abolet,
3273 2399 3426 2445 mox

1920 2479 1990 2543 in
2022 2481 2290 2545 eosdem
2328 2482 2644 2565 populum
2677 2480 2856 2544 lecto
2895 2481 3190 2545 Caesaris
3233 2495 3429 2545 testa-

1920 2567 2145 2649 mento
2166 2627 2183 2661 ,
2249 2583 2524 2668 ejusque
2558 2582 2879 2647 cadavere
2912 2582 3121 2666 palam
3160 2595 3425 2647 ostenso

1925 2683 2238 2761 concitat,
2309 2683 2656 2749 Octavium
2710 2682 3007 2746 Caesaris
3063 2684 3381 2747 heredem
3407 2730 3425 2760 ,

1925 2798 1995 2848 et
2045 2806 2129 2849 ex
2168 2798 2562 2849 testamento
2612 2783 2820 2847 filium
2865 2785 3165 2849 omnibus
3216 2785 3429 2848 modis

1926 2900 2289 2971 oppugnat,
2327 2889 2413 2951 D.
2462 2889 2672 2950 Bruto
2706 2885 2979 2949 Galliam
3041 2887 3420 2951 citeriorem

1924 3002 2303 3052 extorturus
2355 3007 2439 3051 ex
2488 2987 2653 3053 urbe
2705 2988 3176 3072 proficiscitur,
3247 3009 3426 3052 eum-

1925 3110 2066 3173 que‘
2111 3087 2403 3153 Mutinae
2469 3089 2748 3156 obsidet.
2857 3092 2943 3157 V.
3008 3091 3082 3155 G.
3147 3112 3264 3172 7¹¹
3336 3091 3422 3153 ob

1923 3204 2214 3274 apertam
2273 3191 2406 3256 vim
2464 3191 2673 3256 hostis
2715 3214 2754 3256 a
2795 3205 3024 3257 senatu
3075 3191 3420 3274 judicatur.

1924 3294 2164 3357 Caesar
2208 3292 2601 3359 Octavianus
2643 3313 2794 3357 cum
2835 3294 3064 3357 Hirtio
3105 3308 3172 3358 et
3210 3295 3421 3356 Pansa

1922 3416 2061 3462 cos.
2095 3416 2178 3458 ex
2218 3395 2287 3457 S.
2323 3395 2395 3460 C.
2450 3395 2532 3459 ad
2578 3395 2988 3463 liberandum
3020 3398 3103 3462 D.
3145 3398 3423 3459 Brutum

1890 3498 2127 3565 'missi.
2231 3499 2395 3560 Cum
2483 3497 2586 3560 liis
2669 3498 3011 3582 aliquoties
3093 3519 3417 3583 prospero

1922 3603 2137 3663 Marte
2183 3597 2478 3682 confligit
2520 3599 2878 3678 Antonius,
2922 3620 3114 3665 versa
3160 3600 3422 3665 fortuna

1922 3701 2132 3767 victus
2176 3699 2259 3764 ad
2301 3702 2394 3763 M.
2446 3697 2771 3784 Lepidum
2819 3702 2889 3765 in
2935 3701 3218 3766 Galliam‘
3259 3704 3423 3766 Nar·

1921 3800 2283 3865 bonensem
2340 3800 2547 3885 fugit,
2614 3803 2725 3888 qui
2777 3827 2815 3867 a
2856 3788 3142 3889 propriis
3203 3804 3417 3889 legio·

1919 3904 2111 3967 nibus
2164 3902 2520 3968 solicitatus
2582 3919 2809 3969 contra
2864 3905 3076 3969 datam
3132 3906 3302 3989 reip.
3345 3906 3420 3967 fi·

1919 4006 2071 4071 dem
2115 4027 2186 4070 se
2232 4026 2380 4069 cum
2421 4007 2708 4071 Antonio
2753 4007 3110 4093 conjungit.
3168 4008 3417 4070 Auctus

1916 4110 2119 4193 igitur
2179 4108 2425 4192 copiis,
2489 4109 2768 4193 plusque
2813 4129 3005 4193 quam
3049 4121 3235 4171 antea
3282 4129 3417 4171 me·

1917 4210 2198 4275 tuendus
2273 4233 2423 4276 cum
2495 4210 2859 4274 faciliorem
2911 4209 3061 4293 'jam
3134 4206 3417 4273 haberet
3501 4200 3518 4217 ²

1920 4312 2368 4392 Octavianum,
2396 4334 2542 4377 cum
2571 4313 2700 4376 hoc
2730 4311 2799 4373 in
2827 4331 2987 4397 agro
3013 4309 3415 4375 Bononiensi

1921 4430 2347 4499 congressus,
2411 4414 2714 4500 adjuncto
2771 4411 3029 4496 Lepido
3073 4412 3411 4476 celebrem

1919 4517 2288 4580 Illviratum
2329 4537 2520 4581 causa
2569 4517 2736 4603 reip.
2767 4514 3259 4581 constituendae
3288 4516 3411 4579 init

2866 4867 3006 4929 Ea
