4509 5584
882 559 899 580 '
996 583 1166 657 258·

1186 741 1440 803 Eadem
1483 736 1841 818 epigraphe
1881 736 2111 797 addito
2147 734 2289 800 EX.
2316 732 2395 799 S.
2417 732 2494 797 C.

1192 844 1391 906 Duae
1431 836 1738 923 figurae,
1811 855 2093 917 quarum
2154 836 2497 898 dexterior

1188 944 1416 1006 velata
1453 940 1752 1019 aqm’lam
1779 939 2245 1021 legionariam,
2274 936 2495 998 altera

1190 1046 1417 1125 capite
1465 1040 1733 1102 radiato
1781 1042 1844 1101 d.
1885 1051 2227 1121 pateram,
2281 1061 2334 1101 s.
2377 1036 2495 1096 Ιια-

1055 1178 1062 1184 ·
1177 1159 1363 1208 seam
1411 1153 1626 1215 tenet,-
1683 1141 1985 1202 sedentes
2026 1142 2099 1202 in
2149 1137 2498 1220 quadrigis

1191 1245 1715 1326 elephantorum.

992 1345 1264 1411 NERO.
1295 1343 1616 1411 CLAVD.
1650 1342 1862 1408 DIVI.
1890 1342 1970 1405 F.
1995 1338 2246 1406 GAES.
2285 1338 2491 1407 AVG.

985 1449 1262 1513 GERM.
1307 1448 1488 1533 1M‚P.
1534 1445 1673 1508 ΤΒ.
1721 1444 1801 1507 Ρ.
1846 1437 2039 1507 GOS.
2112 1443 2353 1525 Capita
2386 1443 2493 1521 ju-

978 1565 1151 1637 gata
1209 1547 1496 1612 Neronis
1560 1548 1847 1619 nudum,
1915 1557 1983 1606 ct
2039 1543 2489 1627 Agrippinae.

986 1653 1135 1720 AV.
1177 1650 1316 1713 AR.
1362 1650 1562 1730 (Mus.
1598 1647 1817 1725 Caes.)

1113 1750 1313 1816 Numi
1368 1748 1440 1810 hi
1495 1767 1630 1811 nou
1686 1744 2025 1809 ferendam
2084 1741 2489 1828 Agrippinae

988 1851 1428 1939 arrogantiam
1499 1848 1805 1931 vulgant,
1895 1868 2021 1931 qua
2087 1865 2222 1909 non
2291 1844 2490 1910 modo

987 1957 1299 2022 sociatam
1365 1971 1437 2015 se
1504 1962 1828 2034 potestate
1899 1948 2074 2025 fitia,
2148 1946 2268 2010 sed
2334 1966 2490 2031 quo·

986 2060 1162 2124 niam
1191 2050 1550 2138 imperium
1578 2050 1712 2114 suis
1740 2048 2113 2136 praestigiis
2144 2049 2205 2113 ei
2232 2061 2491 2132 partum

987 2158 1211 2237 novit,
1271 2153 1685 2240 superiorem
1738 2153 1932 2217 etiam
1977 2150 2213 2216 haberi
2255 2149 2489 2216 voluit.

986 2263 1191 2337 Sunt,
1257 2257 1369 2343 qui
1427 2255 1837 2332 existiment,
1900 2255 1970 2316 in
2014 2272 2214 2316 numo
2262 2272 2346 2317 ex
2388 2252 2490 2317 his

986 2377 1325 2450 postremo
1355 2357 1515 2443 fingi
1553 2359 1891 2422 Neronem
1924 2378 2060 2434 una,
2093 2376 2242 2422 cum
2282 2368 2490 2420 matre

987 2478 1253 2533 vectum
1274 2507 1291 2540 ,
1347 2473 1418 2526 et
1445 2473 1631 2538 sunt,
1680 2479 1845 2543 quae
1879 2458 2131 2543 possint
2161 2457 2494 2541 coniectu·

982 2590 1122 2632 ram
1168 2567 1475 2643 {irmare3
1525 2583 1673 2625 nam
1703 2574 1873 2625 teste
1907 2559 2226 2624 Suetonio
2260 2560 2334 2641 ·)·
2355 2580 2495 2623 sae·

983 2690 1069 2753 pe
1119 2666 1313 2732 simul
1348 2666 1417 2728 in
1451 2661 1680 2730 eadem
1721 2663 1955 2726 lectica
1992 2682 2117 2745 per
2153 2661 2490 2746 publicum

985 2769 1162 2836 vecti
1229 2779 1399 2831 sunt.
1487 2768 1655 2829 Item
1723 2762 1901 2848 quod
1968 2763 2212 2826 mulier
2279 2763 2493 2826 velata

984 2885 1116 2947 est,
1173 2869 1232 2932 is
1268 2867 1524 2931 habitus
1559 2864 1989 2952 Agrippinam
2030 2883 2164 2927 non
2204 2861 2489 2926 dedece-

979 2987 1126 3052 τοῖς
1187 2992 1336 3035 nam
1388 2967 1729 3033 decretum
1781 2968 1846 3030 ei
1895 2964 2253 3029 flaminium
2298 2964 2488 3027 Clau·

983 3069 1758 3162 dialeads'eriv'racitus
1803 3066 1909 3151 ¹³),
1976 3080 2044 3131 et
2088 3067 2265 3150 quod
2309 3067 2488 3152 aqui-

979 3177 1111 3240 lam
1156 3173 1586 3258 legionariam
1641 3191 1834 3235 manu
1887 3181 2106 3246 tenet,
2165 3167 2487 3253 probaret

983 3276 1317 3360 cognitam
1391 3273 1687 3336 mulieris
1753 3265 2238 3356 impotentiam,
2320 3289 2486 3355 quae

985 3395 1140 3442 ausa
1192 3389 1293 3439 est
1340 3374 1543 3458 siguis
1593 3393 1856 3459 quoque
1889 3372 2198 3436 Romanis
2244 3371 2491 3456 praesi-

986 3480 1149 3543 dere
1198 3492 1286 3565 0).
1357 3475 1590 3540 Tutius
1631 3487 1850 3538 tamen
1895 3488 1997 3539 est
2041 3473 2291 3537 sentire
2336 3492 2488 3537 cum

986 3579 1340 3645 Vailiantio
1388 3576 1488 3659 d),
1561 3575 1875 3640 exhiberi
1932 3577 2339 3660 Augustum,
2419 3587 2488 3638 et

982 3681 1238 3747 Liviam
1279 3700 1406 3741 una
1446 3691 1706 3754 vectos3
1761 3695 1911 3740 uam
1947 3677 2212 3763 utrique
2257 3675 2488 3739 decre·

984 3796 1123 3870 tum
1158 3780 1359 3843 fuisse
1396 3800 1663 3842 currum
1700 3780 2234 3863 elephantorum,
2281 3776 2486 3839 diser·

987 3899 1056 3947 te
1109 3882 1375 3946 tradunt
1426 3879 1779 3946 Suetonius
1820 3882 1915 3960 ⁰),
1961 3891 2031 3941 et
2081 3879 2213 3941 Dio
2261 3881 2343 3958 03
2404 3878 2486 3943 ad

987 3985 1154 4049 haee
1215 3998 1496 4069 uterque
1553 3983 1621 4044 in
1682 3982 1827 4046 aliis
1891 3979 2106 4043 numis
2163 3980 2482 4064 Neronis,

983 4086 1350 4171 inscriptis:
1452 4083 1953 4154 AVGVSTVS.
2027 4080 2484 4160 AVGVSTA‚

985 4210 1151 4276 quos
1204 4189 1379 4254 inter
1433 4208 1637 4271 vagos
1680 4185 1965 4250 Neronis
2020 4201 2254 4247 numos
2311 4202 2485 4246 eom·

986 4290 1410 4367 memorabo,
1486 4288 1727 4355 eodem
1787 4306 2001 4372 paene
2063 4286 2281 4363 cultu,
2362 4285 2487 4351 etsi

985 4408 1193 4471 stans,
1251 4391 1557 4477 fingitur,
1615 4405 1690 4456 ut
1730 4389 1900 4456 adeo
1942 4387 2124 4453 aliud
2162 4407 2296 4450 non
2332 4406 2486 4472 ,spe-

985 4494 1262 4561 ctaverit
1303 4495 1406 4558 his
1452 4494 1668 4557 numia
1707 4494 1930 4566 Nero,
1990 4510 2182 4576 quam
2238 4490 2478 4554 utrius·

1765 4703 1860 4775 ,ω
1899 4703 2229 4762 Αιιιι.ΧΙΙῐ.
2263 4707 2347 4765 25

1729 4797 1783 4864 s)
1821 4794 2046 4853 Lm.
2078 4794 2126 4866 §.
2149 4808 2232 4890 ιζ.

997 4731 1004 4740 ·
1055 4711 1119 4779 a)
1161 4708 1228 4764 In
1255 4677 1497 4764 Nerone
1530 4718 1651 4779 e.9.

983 4797 1042 4872 r]
1086 4800 1145 4856 in
1177 4794 1392 4855 Claud.
1420 4815 1470 4852 c.
1495 4810 1577 4857 11.

2456 4706 2519 4776 c)
2559 4704 2748 4763 Tacit.
2774 4705 2902 4765 XII.
2936 4719 3023 4772 37.

2384 4796 2451 4871 g)
2492 4795 2641 4853 crin
2662 4796 2794 4852 Bar.
2828 4797 2905 4853 ad
2934 4813 3070 4854 ann.
3096 4798 3169 4857 V.
3193 4799 3260 4857 C.
3287 4809 3410 4872 983.
3446 4821 3503 4860 n.
3526 4814 3575 4865 5.

2029 560 2515 639 VXORES
2585 558 3079 634 CLAVDH.

2611 748 2739 815 que
2785 745 3108 793 renovare
3152 726 3560 792 memoriam.
3636 725 3949 790 'Omnium
3996 745 4115 790 ve·

2608 853 2689 895 re
2734 831 3014 893 minime
3069 827 3431 893 audiendus
3472 826 3749 913 Pagina,
3806 829 3923 915 qui
3979 830 4104 892 hoc

2612 947 2765 1016 typo
2809 930 3276 1016 intelligendos
3333 931 3623 995 honores
3678 931 4102 1015 triumphales

2608 1036 2861 1098 Neroni
2893 1034 2992 1112 ¹oh
3036 1032 3339 1099 victorias
3378 1033 3461 1098 de
3493 1032 3756 1098 Parthis
3797 1033 4100 1102 decretos

2610 1134 2816 1201 edixit
2857 1137 2944 1219 s).

3126 1320 3169 1359 O
3328 1271 3378 1312 Q.
3550 1323 3591 1360 ἦ

2932 1440 3432 1508 AGRIPPINA.
3494 1440 3702 1511 AVG.
3763 1440 4104 1504 GERMA-

2934 1543 3103 1610 mc,
3140 1545 3227 1608 F.
3270 1542 3719 1610 CAESARIS.
3764 1544 3964 1610 AVG.
4008 1547 4098 1608 M.

2818 1729 2835 1736 ι
2942 1646 3161 1729 Caput
3201 1647 3468 1709 nudum.

2607 1746 2680 1813 S.
2710 1746 2787 1810 C.
2852 1746 3048 1811 Ceres
3092 1748 3326 1812 sedens
3363 1749 3427 1810 d.
3463 1749 3719 1830 spicas,
3773 1769 3824 1811 s.
3844 1747 4099 1831 facem.

2522 1849 2828 1913 ’ΔΕΑ-

2926 1950 3009 2010 ln
3050 1944 3216 2014 alio:
3536 2011 3547 2022 ,

2730 2054 2800 2119 S.
2837 2052 2915 2116 C.
2962 2049 3192 2114 Arcus
3225 2050 3681 2132 triumphalis.
3720 2050 3863 2114 ΔΕ.
3897 2055 3949 2120 L

2736 2156 3107 2237 Vtrumque
3141 2173 3415 2215 numum
3449 2151 3683 2217 recitat
3715 2151 4106 2222 vaillantins

2604 2257 2672 2322 in
2707 2257 2923 2321 numia
2957 2265 3199 2339 praest.
3236 2255 3315 2316 Τ.
3344 2255 3394 2318 1.
3440 2275 3506 2339 p.
3539 2253 3646 2323 60.
3698 2254 3950 2319 Tamen
3983 2254 4102 2319 ho·

2603 2383 2753 2425 rum
2802 2361 3081 2424 alterum
3136 2353 3368 2418 dubiae
3419 2354 3576 2420 fidei
3624 2380 3665 2421 a
3716 2357 4100 2442 quibusdam

2604 2462 2837 2527 haberi
2882 2461 3025 2546 ipse
3070 2457 3451 2544 profitetur,
3504 2457 3620 2522 sed
3667 2458 3962 2542 priorem
3999 2481 4106 2523 ra·

2607 2569 2851 2641 ritate,
2903 2576 2972 2640 qt
3020 2564 3411 2643 integritate
3445 2565 4103 2642 praestantissimum

2604 2677 2817 2732 vocat.
2880 2663 2985 2725 Au
3029 2681 3196 2745 ergo
3243 2674 3502 2725 exstant
3542 2661 3944 2746 Agrippinae
3986 2662 4104 2724 hu·

2602 2765 2707 2849 jus
2746 2763 2932 2828 numi
2975 2761 3164 2827 aenei
3208 2762 3544 2827 commatis
3587 2763 3916 2826 Romani?
3972 2765 4100 2826 Ne·

2576 2877 2718 2950 ¹gat
2760 2863 2934 2927 istud
2968 2863 3111 2949 ipse
3144 2864 3531 2931 Vaillantius
3566 2866 3634 2927 in
3669 2865 3908 2929 eodem
3947 2887 4099 2950 ope·

2600 2988 2702 3045 re,
2736 2965 2858 3031 sed
2890 2965 3023 3030 alio
3061 2965 3213 3030 loco
3229 3010 3267 3045 ,‚
3283 2986 3523 3051 nempe
3553 2969 3773 3033 Temo
3796 2971 3877 3035 11.
3910 2990 3974 3053 p.
3994 2972 4099 3049 5q.

2604 3070 3024 3152 Agrippina,
3069 3065 3191 3143 ait,
3246 3071 3321 3131 in
3373 3072 3594 3134 numis
3646 3075 3983 3153 argenteis
4034 3084 4105 3135 et

2600 3173 2831 3234 aureis
2874 3181 3143 3232 temtum
3202 3173 3530 3248 occurrit,
3580 3191 3713 3233 non
3760 3186 3982 3250 autem
4026 3179 4101 3237 in

2602 3274 2829 3335 aeneis
2875 3270 2942 3337 S.
2985 3271 3054 3332 C.
3094 3274 3450 3353 percussis.
3516 3270 3807 3336 Senatus
3853 3278 3966 3337 sui
3999 3275 4102 3352 ju-

2600 3378 2699 3437 ris
2737 3373 2957 3435 adhuc
2992 3371 3197 3433 nimis
3234 3375 3576 3436 studiosus
3589 3377 3883 3459 fiminis
3915 3379 4099 3458 prin·
4186 3387 4195 3396 ‘

2601 3473 2860 3556 elpibus
2909 3473 3032 3537 sub
3088 3473 3486 3539 Domitiano
3537 3489 3804 3539 tantum
3862 3499 4100 3540 numos

2601 3578 2838 3640 cudere
2910 3581 3149 3660 coepit.
3233 3577 3463 3642 Altera
3520 3578 3713 3657 hujus
3778 3579 4092 3647 orationis

2600 3697 2751 3760 pars
2790 3677 2958 3744 falsa
3001 3680 3424 3765 cognoscitur
3468 3700 3551 3744 ex
3597 3681 3941 3745 contrariis
3987 3681 4096 3745 ha-

2600 3791 2831 3844 etenus
2873 3780 3168 3846 adductis
3221 3781 3545 3866 exemplis
3590 3801 3938 3846 nnmorum
3986 3786 4098 3845 Li·

2598 3879 2766 3958 viae,
2797 3883 3141 3962 Antoniae,
3172 3885 3574 3969 Agrippinae
3610 3899 3738 3951 ete.
3784 3887 3887 3948 De
3920 3886 4096 3970 prio·

2598 4002 2676 4044 re
2703 3983 2797 4048 .in
2845 3999 3071 4068 aperta
3115 3987 3239 4051 hae
3267 3987 3602 4054 Vaillantii
3645 3987 3957 4072 antilogia
3998 4007 4097 4051 ar-

2600 4083 2928 4150 bitrentur
2958 4087 3040 4166 ii,
3088 4090 3199 4174 qui
3225 4091 3882 4171 praestantissimum
3919 4089 4091 4153 hunc

2600 4187 2680 4252 ab
2712 4209 2793 4252 eo
2830 4189 3269 4254 collaudatum
3298 4210 3566 4252 numum
3603 4189 3931 4275 inspicere
3965 4192 4091 4275 ipsi

2600 4301 2892 4373 possunt.
2928 4291 3095 4354 mhi
3123 4306 3307 4356 certe
3334 4292 3660 4356 sincerum
3689 4293 4088 4377 Agrippinae

2599 4412 2877 4456 aeneum
2926 4392 3157 4458 videre
3204 4414 3534 4480 uunquam
3574 4395 3797 4473 licuit,
3849 4396 3960 4481 qui
4009 4398 4093 4458 sit

2599 4495 2935 4557 commatis
2970 4496 3268 4563 Romani.

3165 4708 3234 4778 d)
3274 4707 3448 4768 Num.
3480 4724 3700 4788 praest.
3728 4709 3888 4773 T.11.
3923 4719 4087 4791 p.60.
