4509 5584
1062 645 1154 736 98
2284 636 2939 773 AV‘GVSTVS.

1060 828 1212 872 nam
1257 805 1455 870 Genii
1495 817 1637 871 erat
1682 803 1923 869 honori
1974 804 2241 890 imperii
2268 806 2369 871 sui
2404 825 2557 872 con·

1056 913 1303 975 sumre
1341 1007 1642 1074 GENIO.
1660 1009 1732 1070 Ρ.
1751 1010 1831 1097 Β.
1871 1009 2086 1093 Caput
2100 1009 2401 1089 juvenile
2431 1013 2553 1073 im-

1342 1112 1566 1186 berbe,
1602 1112 1808 1189 juxta
1841 1111 2300 1193 cornucopiae.

1056 1198 1363 1293 mann.
1410 1210 1776 1282 VLTORL
1841 1214 2043 1297 Mar,
2076 1214 2435 1295 gradiens,
2480 1224 2559 1277 ut

1056 1338 1280 1399 supra.
1325 1317 1468 1380 AR.

2673 808 2962 870 cultrum
3014 811 3089 870 in
3122 812 3308 871 tauri
3364 808 3653 886 jacentis
3693 808 4006 892 jugulum
4067 808 4173 870 de·
4232 849 4243 863 ·

2671 911 2908 972 mittit.
2952 908 3096 975 AV.
3132 911 3331 989 (Mus.
3374 911 3598 992 Caes.)

2951 1009 4171 1103 LAQVILL1V8.FLORVS.111-

2950 1113 3126 1182 Vm.
3162 1116 3378 1196 Caput
3404 1115 3726 1176 muliebre
3751 1115 4124 1197 galeatum.

2672 1213 3041 1279 CAESAR.
3124 1215 3336 1283 DIVI.
3415 1214 3493 1279 F.
3556 1211 3831 1277 ΑΒΜΕ.
3918 1215 4170 1280 CAPT.

2674 1319 3009 1381 Armenia
3036 1318 3397 1403 genuflexo
3413 1321 3746 1399 porrectis
3769 1317 4172 1401 suppliciter

1185 1420 1677 1502 Havercampus
1738 1416 1808 1479 iu
1862 1415 1991 1481 hoc
2047 1427 2240 1501 caput
2281 1415 2563 1501 Augusti
2680 1421 3004 1483 manz‘hus.
3050 1420 3190 1485 AR.
3224 1421 3426 1503 (Mus.
3459 1418 3683 1500 Caes.)

1057 1521 1382 1605 agnoscit,
1470 1520 1583 1605 qui
1652 1529 2265 1603 repraesentaretur
2336 1517 2559 1599 specie

1057 1622 1258 1687 Genii
1301 1624 1377 1689 P.
1417 1623 1502 1687 Β.
1573 1623 1661 1684 Et
1704 1641 1858 1685 sane
1903 1621 2300 1684 lineamenta
2341 1620 2560 1683 omnia

1060 1727 1430 1810 Augustum
1472 1724 1781 1808 produnt.
1847 1721 2062 1784 Simili
2105 1721 2290 1785 cuitu
2329 1720 2557 1799 Genii,

1062 1842 1133 1891 et
1191 1847 1341 1890 cum
1407 1825 1638 1891 eadem
1702 1822 2134 1909 inscriptione
2190 1821 2556 1889 videbimus

1060 1928 1256 1994 etiam
1291 1927 1583 1993 effictum
1614 1928 1682 1989 in
1723 1926 1935 1988 numis
1970 1925 2267 1990 Galbam.

1344 2029 1646 2097 SALVS.
1708 2026 2115 2093 GENEmS.
2177 2010 2552 2097 HVMANI.

1337 2134 1648 2194 Victoria
1677 2132 1876 2212 globo
1911 2134 2246 2192 insistens.

1055 2233 1338 2297 SIGNA.
1370 2233 1447 2299 Ρ.
1488 2233 1569 2295 Β.
1644 2234 1895 2295 Eadem
1940 2234 2137 2314 signa
2180 2251 2330 2294 oum
2390 2253 2552 2307 ara,

1054 2347 1135 2397 ut
1163 2338 1236 2401 in
1253 2335 1616 2417 prioribus.
1658 2336 1803 2398 AR.

1181 2435 1433 2500 Eadem
1463 2435 1673 2500 antica
1704 2436 1774 2498 in
1811 2434 2010 2500 certis
2036 2435 2318 2519 Augusti
2342 2436 2555 2499 numis

1052 2558 1350 2605 aversam
1403 2537 1593 2614 facit,
1654 2551 1729 2601 ut
1762 2538 2017 2622 patebit.
2059 2559 2142 2602 ex
2186 2538 2402 2601 numis
2447 2560 2556 2602 an·

1053 2640 1126 2701 ni
1170 2640 1257 2709 V.
1293 2639 1366 2704 C.
1411 2650 1561 2722 742.
1670 2638 1893 2732 Quare
1955 2641 2040 2705 de
2094 2652 2303 2704 aetate
2362 2639 2553 2721 hujus

1060 2741 1280 2817 numi,
1353 2754 1422 2805 et
1479 2763 1677 2806 seusu
1730 2764 2000 2809 aversae
2067 2756 2297 2808 contra
2337 2742 2557 2806 Pelle-

1052 2844 1297 2906 rinium
1353 2843 1635 2931 dubitari
1692 2847 1958 2931 nequit,
2016 2859 2115 2923 et,
2174 2858 2247 2907 ut
2290 2845 2549 2923 monui,

1055 2947 1410 3025 docemur,
1511 2949 1959 3031 Augustorum
2035 2961 2286 3011 aetatae
2357 2947 2553 3012 etiam

1052 3071 1287 3113 numos
1344 3048 1588 3135 absque
1652 3049 1892 3113 horum
1946 3065 2055 3114 aut
2117 3050 2366 3134 capite,
2444 3065 2554 3116 aut

1055 3150 1454 3236 epigraphe,
1531 3164 1600 3215 et
1642 3152 1698 3214 si
1741 3152 1829 3215 ita
1874 3153 2057 3237 loqui
2101 3152 2199 3216 fas
2244 3167 2378 3229 est,
2445 3177 2553 3217 au-

1051 3269 1357 3317 tonomos
1400 3254 1685 3339 signatos
1728 3254 1949 3316 fuisse.
2001 3257 2259 3319 Horum
2302 3256 2550 3319 similes

1057 3358 1288 3440 plures
1352 3355 1646 3419 dabimus
1701 3356 1768 3417 in
1828 3348 2103 3420 m'oneta'
2132 3355 2418 3435 Galbae,
2477 3370 2550 3422 et

1063 3457 1341 3526 Viteliii.

1583 3588 1624 3623 d·
1790 3541 1831 3579 *
2001 3592 2038 3626 fi

1179 3664 1560 3746 Sequuntur
1596 3659 1776 3721 numi
1826 3673 2051 3744 captae
2100 3661 2338 3727 eodem
2389 3676 2551 3726 tem-

1055 3783 1221 3850 pore
1258 3762 1614 3826 Armeniae
1646 3774 1873 3847 testes.

1325 3862 1822 3932 AVGVSTVS.
1878 3864 2092 3947 Caput
2123 3868 2394 3930 nudum.

1055 3967 1486 4032 ARMENIA.
1519 3966 1833 4032 CAPTA.
1875 3966 2155 4051 Sphinx.
2189 3969 2548 4054 (Morelli.)

1345 4070 1598 4133 Eadem
1633 4071 1929 4132 adversa.

1052 4174 1480 4240 ARMENIA.
1543 4171 1857 4237 CAPTA.
1926 4171 1987 4235 T
1976 4174 2130 4235 iata
2185 4173 2550 4239 Armenia-

1053 4300 1155 4355 σα,
1188 4279 1387 4342 binae
1414 4277 1790 4360 pharetrae,
1821 4286 1889 4338 et
1911 4295 2128 4342 arcus.
2170 4277 2314 4340 ΑΒ.
2346 4279 2548 4358 (Mus.

1050 4382 1273 4461 Caes.)

1336 4482 1591 4544 Eadem
1625 4483 1923 4544 adversa.

1059 4582 1490 4655 ARMENIA.
1578 4581 1889 4647 CAPTA.
1985 4584 2293 4647 Victoria
2358 4595 2550 4648 stans

1127 4887 1189 4957 a)
1229 4883 1461 4949 1..1.1v.
1493 4886 1614 4959 §.9.
1764 4885 1835 4958 b)
1874 4884 2126 4949 Ann.11-
2156 4897 2209 4952 3-

2363 4891 2422 4959 c)
2462 4886 2525 4947 L.
2556 4886 2628 4955 ΙΙ.
2665 4900 2824 4962 &94-

2805 1523 2970 1584 Alii
3007 1523 3302 1598 similes,
3344 1525 3463 1584 sed
3498 1542 3648 1584 oum
3677 1524 4014 1585 mentione
4056 1524 4172 1583 Pe·
4223 1567 4234 1575 .

2653 1627 2889 1718 ⁶tronii
2922 1620 3301 1707 Turpiliani
3333 1624 3597 1687 Illviri.

2801 1722 3052 1786 Tiberii
3103 1724 3172 1787 in
3230 1724 3612 1788 Armenium
3669 1724 3799 1788 hoc
3854 1743 4027 1789 anno
4084 1745 4168 1789 ex

2674 1824 2860 1908 Syria
2925 1825 3005 1887 ab
3053 1826 3351 1911 Augusto
3411 1826 3591 1889 missi
3639 1825 4165 1912 expeditionem,

2672 1940 2744 1989 ut
2792 1927 2983 2010 pulso
3033 1928 3393 1993 Artavasde
3456 1950 3599 1993 eam
3654 1927 3845 1993 fratri
3895 1927 4172 2010 Tigrani

2671 2029 3041 2107 adsereret,
3130 2029 3347 2093 obiter
3430 2029 3690 2115 attingit
3748 2029 3879 2092 Dio
3927 2031 4020 2111 ⁸),
4100 2042 4171 2093 et

2672 2132 2933 2195 Tacitus
2984 2130 3068 2212 b).
3130 2131 3362 2215 Aptius
3419 2132 3500 2194 ad
3558 2133 3679 2196 hos
3731 2136 3966 2197 numos
4009 2132 4169 2200 Vel·
4213 2178 4222 2185 ⁴

2668 2232 2839 2297 leius
2873 2236 2961 2316 0):
2997 2232 3302 2296 Tiberius
3332 2256 3479 2297 cum
3516 2234 3892 2317 legionibus
3917 2240 4172 2318 ingres·

2669 2358 2789 2398 sus
2819 2336 3215 2397 Armeniam
3237 2339 3515 2398 redacta
3540 2358 3619 2400 ea
3654 2341 3728 2400 in
3760 2349 4166 2419 potestatem

2674 2438 2747 2499 P.
2783 2437 2861 2499 R.
2896 2455 3170 2518 regnum
3194 2437 3335 2516 ejus
3366 2439 3744 2502 Artavasdi
3778 2439 4166 2523 (legendum

2683 2537 3001 2620 D'grani)
3075 2539 3295 2614 dedit,
3375 2553 3444 2601 et
3498 2538 3849 2604 Suetonius
3881 2538 3980 2625 d),
4042 2542 4166 2605 etsi

2672 2652 2928 2723 tempus
2998 2659 3130 2701 non
3182 2638 3410 2704 addat:
3478 2644 3720 2705 Parthi
3780 2663 4038 2722 quoque
4096 2658 4168 2707 et

2672 2742 3074 2803 Armeniam
3128 2744 3505 2806 vindicanti
3538 2746 3764 2829 focile
3805 2758 4163 2809 cesserunt.

2791 2841 3143 2906 Rationem
3190 2857 3434 2905 certam
3463 2863 3595 2908 non
3639 2843 3993 2922 habemus,
4033 2866 4165 2929 quo

2668 2943 2869 3007 modo
2917 2945 3200 3030 Sphinx,
3251 2958 3440 3028 typus
3500 2948 3680 3008 numi
3728 2947 3955 3031 primi,
4015 2968 4166 3010 eum

2667 3047 2980 3110 Armenia
3021 3061 3483 3126 connectatur,
3547 3062 3616 3112 et
3647 3063 3863 3114 tamen
3891 3070 4161 3113 numum

2665 3146 2840 3212 hunc
2855 3169 3092 3213 revera
3123 3148 3435 3227 existere,
3478 3150 3761 3216 dubitari
3793 3151 3897 3214 vix
3922 3166 4165 3236 potest,

2667 3271 2816 3316 cum
2867 3253 3217 3316 Moreilius
3261 3251 3477 3315 addita
3513 3252 3638 3316 lilii
3669 3267 3818 3317 nota
3865 3269 4166 3332 moneat,

2667 3374 2819 3418 eum
2856 3354 3145 3418 existere
3184 3356 3251 3416 in
3284 3375 3512 3419 museo
3561 3355 3740 3438 regis
3778 3356 4165 3435 Galliarum,

2665 3457 2793 3519 etsi
2855 3456 3097 3541 ambigi
3159 3458 3460 3521 nonnihil
3533 3459 3740 3541 possit
3801 3460 3885 3523 de
3947 3462 4165 3525 numis

2666 3558 2838 3637 aliis,
2875 3579 3036 3643 quos
3067 3557 3192 3620 sibi
3225 3559 3536 3644 proponit
3571 3582 3718 3624 cum
3759 3560 3993 3626 eadem
4026 3566 4167 3649 epi-

2666 3662 2917 3744 graphe
2993 3661 3399 3723 ARMENIA
3460 3662 3792 3741 CAPTA,
3871 3679 3941 3729 et
4005 3681 4164 3752 typo

2666 3761 3069 3845 capricorni,
3135 3763 3253 3825 sed
3302 3761 3474 3846 apud
3524 3785 3687 3850 quos
3736 3768 3945 3830 musei
3979 3790 4165 3833 men-

2664 3862 2913 3927 tionem
2977 3865 3244 3944 omittit,
3321 3886 3540 3952 neque
3602 3867 3733 3930 alio
3801 3889 3917 3932 eos
3970 3872 4159 3949 loco,

2662 3958 3125 4052 praeterquam
3202 3967 3375 4051 apud
3458 3968 3829 4049 Goltzium,
3909 3984 3976 4035 et
4047 3977 4162 4059 qui

2666 4092 2819 4134 eum
2895 4070 3343 4154 exscripsere,
3405 4092 3512 4136 me
3579 4069 3809 4136 videre
3866 4078 4160 4145 memini.

2667 4170 3004 4264 Quidquid
3045 4172 3202 4249 erit,
3262 4186 3613 4259 utrumque
3662 4175 3898 4240 animal
3949 4181 4159 4261 poeti-

2665 4296 2815 4340 cum
2859 4277 3156 4359 Augusto
3211 4277 3413 4340 fuisse
3468 4277 3534 4339 in
3579 4277 3835 4342 deliciis
3888 4295 4161 4361 constat,

2665 4380 3143 4464 capricornum,
3176 4378 3353 4463 quod
3376 4379 3484 4443 hic
3516 4380 3660 4463 ejus
3697 4397 3874 4448 esset
3899 4366 4162 4471 signum
4199 4370 4210 4381 Ι

2665 4481 3182 4567 genethliacum,
3221 4482 3623 4568 Sphingem,
3658 4484 3982 4552 incertum
4018 4509 4161 4565 cur,

2664 4597 2730 4647 at
2788 4583 3124 4650 tradidere
3179 4585 3471 4663 Plinius,
3545 4588 3930 4667 Suetonius,
3991 4591 4157 4670 Dio,

2976 4890 3044 4962 d)
3088 4890 3233 4967 Cap.
3255 4904 3340 4953 21.
