4509 5584
945 506 992 592 6

951 666 1276 736 Iuvenalis
1319 669 1442 734 hos
1483 665 1728 735 fervidi
1769 666 1926 732 solis
1968 667 2217 733 incolas
2261 686 2450 737 voca·

953 770 1051 836 tit
1080 781 1159 850 ⁸).

1092 874 1401 945 Caeuan‘s
1429 883 1822 950 armentum,
1855 873 2031 937 nulli
2058 872 2305 935 servire
2331 891 2454 955 pa·

2057 987 2282 1036 ratum

1084 1064 1384 1139 Piivato.

959 1173 1147 1239 Idem
1178 1191 1366 1261 typus
1397 1179 1731 1243 restitutus
1766 1191 1866 1243 est
1894 1177 1963 1238 in
1997 1195 2197 1242 numo
2229 1176 2449 1261 Augu-

826 1352 833 1359 ,
959 1278 1043 1344 sti
1072 1278 1464 1345 Hadrumeti
1498 1282 1763 1346 Africae
1796 1282 2067 1366 signate.

1476 1429 1517 1469 st
1683 1382 1723 1421 *
1891 1429 1932 1468 ἢ

1294 1483 1509 1565 Caput
1540 1485 1819 1549 Veneris
1849 1484 2247 1546 adhaerente
2277 1477 2450 1541 collo

1298 1584 1642 1667 Cupidine.
1721 1626 1727 1635 .

960 1682 1333 1769 CAESAR.
1377 1685 1736 1769 Tropaeum
1765 1687 1942 1746 inter
1968 1685 2136 1745 duos
2161 1681 2459 1764 captivos

959 1787 1281 1850 barbaros
1309 1786 1498 1847 humi
1524 1789 1841 1849 sedentes.
1886 1784 2028 1849 AR.
2068 1782 2317 1849 obvius.

1300 1887 1515 1968 Caput
1552 1890 1851 1953 Veneris.

967 1987 1334 2056 CAESAR.
1372 1989 1550 2053 IMP.
1608 1988 1968 2071 Tropaeum
1997 1991 2171 2051 inter
2209 2001 2458 2051 struem

964 2111 1321 2155 armorum.
1367 2090 1507 2153 AR.
1543 2089 1903 2173 (Metelli.)

1206 2193 1382 2253 IMP.
1419 2193 1652 2258 I'PER.
1702 2193 1917 2277 Caput
1957 2195 2265 2257 Veneris..

967 2295 1041 2358 C.
1075 2293 1458 2377 gcAESAR.
1509 2294 1584 2359 C.
1639 2294 1715 2360 F.
1798 2296 2197 2380 Tropaeum,
2251 2293 2461 2374 juxta

964 2398 1145 2476 quod
1186 2400 1493 2480 captivus
1532 2406 1761 2473 stans,
1811 2397 1965 2457 inde
2008 2416 2244 2457 currus
2269 2395 2467 2478 falce

966 2509 1230 2562 serrata
1263 2501 1582 2564 munitus.
1629 2497 1772 2561 AR.
1809 2495 2162 2579 (Morelli.)

1293 2600 1436 2665 ΠΤ.
1515 2599 1732 2681 Caput
1787 2602 2095 2674 Veneris,
2158 2596 2229 2658 in
2283 2594 2457 2660 aliis:

1234 2746 1241 2754 -
1297 2691 1500 2783 caput
1530 2701 1848 2763 muliebre
1883 2700 2201 2765 velatum.

969 2802 1337 2868 &AESAIL
1377 2795 1772 2887 Tropaeum,
1786 2800 1989 2880 juxta
2019 2786 2370 2881 secespita,
2394 2798 2462 2858 in

932 2902 939 2907 ’
972 2904 1136 2987 aliut
1193 2905 1510 2987 captivus
1549 2904 1741 2967 humi
1780 2903 2030 2965 sedens.
2073 2898 2218 2969 AV.
2266 2902 2461 2975 (Mus.

970 3008 1244 3088 Farnes.
1272 3018 1340 3069 et
1360 2991 1784 3087 Barthelemy
1812 3023 1895 3066 ex
1927 3023 2090 3068 mus.
2120 3022 2264 3086 reg.
2292 3001 2462 3067 Gall.

969 3110 1049 3175 B.
1077 3110 1158 3175 L.
1195 3110 1384 3172 Tem.
1410 3108 1619 3174 XXX.
1657 3130 1723 3192 p.
1747 3109 1925 3190 374.)
1969 3107 2108 3169 AR.
2148 3104 2347 3169 obvii.
2401 3142 2406 3149 ·

1100 3209 1270 3293 'rypi
1332 3208 1629 3271 Caesaris
1696 3208 2000 3274 victorias
2063 3207 2463 3289 praedicant.

972 3317 1047 3374 ln
1088 3330 1288 3375 numo
1332 3312 1413 3376 11.
1461 3310 1699 3372 Caesar
1741 3306 1916 3371 nude
1961 3308 2140 3372 IMP.
2197 3307 2466 3384 dicitur,

932 3415 1039 3475 ‘in
1081 3415 1191 3478 111.
1235 3423 1451 3475 autem
1495 3412 1673 3476 IMP.
1719 3411 1983 3487 ITER.,
2043 3408 2126 3471 de
2182 3430 2311 3493 quo
2367 3432 2469 3472 va·

971 3514 1083 3578 rio
1123 3510 1323 3577 modo
1364 3532 1630 3596 agemus
1670 3511 1840 3575 infra
1878 3510 1997 3575 sub
2037 3510 2226 3573 titulo
2263 3512 2470 3596 Impe-

972 3629 1184 3679 rator.
1267 3614 1644 3684 Verisimile
1709 3627 1846 3691 est,
1924 3614 2102 3697 quod
2162 3613 2471 3680 observat

972 3714 1397 3795 Vaillantius‚
1440 3731 1785 3800 tropaeum
1816 3715 2013 3779 numi·
2030 3718 2142 3781 111.
2176 3715 2472 3780 referen-

976 3818 1135 3883 dum
1179 3818 1262 3882 ad
1303 3817 1643 3883 victoriam
1695 3819 2045 3894 Gallicam,
2108 3831 2176 3881 et
2223 3819 2472 3883 adstan-

974 3935 1113 3985 tem
1160 3921 1481 4004 captivum
1525 3942 1667 3984 esse
1703 3920 2326 4005 Vercingetorigem
2369 3942 2473 3985 re·

979 4045 1167 4107 gem,
1213 4023 1327 4108 qui
1362 4023 1594 4086 Alesia
1634 4023 1921 4107 captain
1957 4023 2268 4087 Caesaris·
2294 4037 2473 4106 pote·

977 4140 1210 4189 statem
1240 4126 1453 4203 venit,
1482 4149 1519 4190 a
1557 4146 1685 4211 quo
1716 4125 1798 4189 ad
1828 4124 2229 4209 triumphum
2261 4144 2473 4188 reser-

973 4243 1192 4306 vatus,
1257 4248 1331 4295 ac
1383 4239 1531 4310 post
1581 4247 1730 4291 eum
1779 4229 1864 4295 V.
1904 4227 2156 4315 C·.7⁰3
2204 4240 2474 4291 necatus

980 4342 1083 4392 est
1118 4325 1209 4411 b).
1271 4323 1535 4393 Literae
1589 4333 1729 4394 ΠΤ.
1783 4330 1962 4391 numi
2007 4328 2326 4414 postremi
2371 4349 2477 4391 ae-

975 4433 1197 4515 nigma
1241 4430 1551 4495 offerunt.
1603 4434 1733 4496 Eas
1767 4430 2183 4507 Vaillantius,
2231 4430 2473 4515 aliique

973 4533 1490 4622 interpretantur
1547 4536 1626 4595 II.
1690 4533 2105 4616 Tropaeum„
2153 4545 2222 4594 et
2277 4531 2476 4615 eonji-

1051 4749 1110 4817 a)
1150 4744 1357 4817 Satyra
1376 4738 1515 4799 XII.
1546 4759 1605 4796 v.
1628 4742 1752 4804 106·
1954 4741 2021 4813 b)
2063 4738 2363 4799 Plutarch.
2396 4706 2527 4795 Die.

2023 493 2436 574 IVLIVS
2497 495 2984 572 CAESAR.
3107 536 3122 541 -
3195 478 3218 505 '

2564 669 2777 747 ciunt,
2827 667 3044 733 notar-i
3078 665 3184 747 id,
3228 666 3407 755 quod
3438 680 3660 731 narrat
3688 665 3854 746 Dio,
3896 664 4058 731 Cae·
4136 662 4176 733 '⁸1

2563 792 2780 834 sarem
2808 771 2983 837 victo
3015 770 3354 834 Pharnace
3391 770 3693 848 eulaeo,
3738 789 3869 854 quo
3903 785 4055 834 ante
4115 754 4142 763 '-

2565 894 2768 937 annos
2796 874 3023 957 plures
3048 872 3343 936 Triarius
3372 894 3404 935 a
3431 870 3814 935 Mithridate
3845 869 4056 934 victus

2567 987 2739 1051 erat,
2790 995 2939 1037 cum
2988 994 3116 1058 per
3154 973 3552 1056 religionem
3596 991 3731 1035 non
3779 973 4059 1037 auderet

2559 1074 2745 1158 regis
2795 1089 3173 1160 tropaeum,
3233 1073 3475 1158 quippe
3511 1075 3711 1136 Marti
3763 1094 4058 1151 sacrum,

2561 1176 2713 1241 loco
2758 1196 3066 1255 movere,
3118 1179 3396 1241 alterum
3434 1172 3881 1240 Romanorum
3922 1191 4060 1241 tro-

2564 1297 2798 1363 paeum
2824 1276 3006 1360 juxta
3037 1278 3358 1357 statuisse,
3392 1277 3567 1363 quod
3598 1265 3764 1342 adeo
3796 1299 3886 1361 τῳ
3917 1280 4060 1344 ῙΙΤ.

2555 1378 2986 1445 indicaretur.
3051 1380 3143 1442 At
3189 1393 3330 1446 tum
3382 1380 3508 1443 hae
3558 1379 3793 1445 literae
3843 1380 4063 1463 potius

2569 1493 2881 1563 tropaea,
2924 1500 3057 1542 non
3093 1481 3376 1548 Veneris
3422 1481 3618 1567 capiti
3658 1481 3920 1545 fuerant
3953 1483 4062 1544 ad-

2571 1580 2957 1646 stituendae.
3000 1582 3489 1665 Havercampus
3522 1583 3591 1644 in
3625 1584 3754 1646 hoe
3788 1596 4064 1668 tropaeo

2571 1705 2750 1747 arma
2777 1681 2995 1768 potius
3020 1684 3473 1769 Hispaniensia
3503 1686 3714 1762 videt,
3760 1707 3835 1749 ac
3867 1707 4067 1770 prop·

2568 1798 2759 1849 terea
2804 1784 3192 1849 referendos
3236 1787 3451 1870 potius
3509 1789 3632 1850 hos
3688 1808 3923 1853 numos
3985 1791 4070 1853 ad

2570 1886 2913 1953 victoriam
2946 1886 3027 1951 de
3051 1887 3355 1972 Hispanis
3382 1889 3675 1965 relatam,
3708 1888 3891 1971 eujus
3922 1911 4070 1953 sen·

2572 1988 2817 2053 tentiae
2861 1984 3115 2053 accedit
3151 2010 3410 2074 qnoque
3443 1990 3943 2073 Barthelemyns
3987 2004 4066 2068 ο).

2574 2089 2755 2151 Nihil
2792 2090 3104 2155 haetenus
3144 2090 3543 2176 expeditum.
3596 2092 3806 2156 Forte
3846 2093 4072 2158 verius

2575 2188 2940 2275 significant
2970 2192 3058 2270 id,
3098 2192 3274 2276 quod
3304 2194 3371 2254 in
3402 2215 3600 2257 numo
3626 2193 4071 2278 praecedente

2573 2294 2834 2377 plenius
2868 2293 3180 2378 scriptum
3218 2307 3359 2356 est:
3401 2298 3577 2360 IMP.
3611 2297 3844 2362 ITER.
3892 2296 4068 2365 Vide

2580 2394 2771 2479 plura
2799 2394 2975 2459 infra-
3000 2394 3081 2460 ad
3111 2395 3371 2463 titulum
3400 2396 3853 2481 Imperatoris.

2949 2605 3029 2664 V.
3065 2600 3134 2664 C.
3164 2618 3310 2683 707.
3356 2602 3448 2664 A.
3479 2600 3570 2665 X
3602 2610 3707 2684 47·-
3807 2667 3826 2685 ⁸

2914 2700 3102 2779 Cos.
3139 2702 3235 2763 II.
3276 2703 3522 2765 DIGT.
3563 2703 3613 2765 I.
3651 2702 3746 2766 II.

2906 2904 2981 2971 C.
3010 2904 3377 2971 CAESAR.
3409 2900 3585 2978 1MP.
3616 2903 3804 2969 COS.
3835 2903 4072 2989 ITER.

2815 3029 2842 3047 ·
2913 3008 3127 3089 Caput
3161 3011 3233 3072 V
3221 3010 3461 3072 eneris.

2578 3108 2658 3170 A.
2698 3107 3160 3177 ALLIENVS.
3194 3108 3398 3173 PRO.
3438 3106 3630 3172 COS.
3680 3109 3808 3172 Vc’r
3850 3109 4076 3168 nudus

2579 3210 2642 3272 d.
2672 3212 2837 3291 pede
2861 3232 3114 3299 prorae
3148 3215 3340 3273 navis
3377 3212 3700 3272 insistens
3728 3209 3793 3271 d.
3830 3210 4076 3285 trique-

2583 3320 2759 3373 tram
2793 3324 2991 3375 tenet.
3035 3312 3179 3375 AR.
3214 3313 3409 3385 (Mus.
3447 3311 3665 3387 Caes.)

2706 3412 2811 3475 De
2869 3426 3054 3496 parte
3113 3428 3340 3479 aversa
3393 3410 3648 3498 egimus
3719 3411 3786 3472 in
3859 3411 4075 3472 numis

2588 3511 2833 3578 Alieni.

3101 3644 3154 3680 a
3311 3597 3353 3635 α
3521 3643 3558 3680 ιι

2711 3714 2899 3778 Alios
2949 3714 3140 3799 hujus
3188 3700 3336 3778 anni
3390 3729 3608 3779 certos
3659 3736 3893 3778 numos
3939 3734 4076 3777 non

2586 3815 2923 3883 habemus.
3000 3816 3183 3908 Quos
3257 3815 3724 3882 mediobarbus
3779 3818 3906 3879 huc
3963 3835 4075 3878 vo-

2587 3933 2727 3996 cat,
2797 3932 2906 3981 ant
2986 3917 3318 3980 Goltziani
3388 3932 3569 3995 sunt,
3645 3932 3756 3982 aut
3821 3929 4076 3980 certum

2585 4042 2711 4104 pro
2744 4020 2872 4084 hoe
2897 4039 3067 4083 anno
3101 4019 3605 4083 criterium'non
3639 4018 4075 4105 suppeditant.

2591 4122 2808 4214 Quem
2883 4120 3169 4184 Oiselius
3240 4121 3396 4186 citat
3461 4114 3843 4207 inscriptum
3906 4122 4075 4185 mc,

2588 4226 2823 4289 I'rER.
2897 4223 3089 4306 (Τὼ.
3126 4227 3210 4307 95
3240 4245 3302 4286 n.
3327 4226 3422 4306 7.)
3499 4223 3632 4287 huc
3709 4222 4080 4310 pertinere-t

2559 4325 2885 4411 ·quidem‚
2919 4324 3035 4387 sed
3080 4347 3229 4389 eum
3271 4346 3587 4410 nusquam
3626 4324 3784 4387 alibi
3836 4323 4082 4401 descri-

2587 4443 2769 4514 ptum
2801 4428 3119 4523 invenio,
3165 4442 3234 4493 et
3281 4427 3455 4490 forte
3500 4429 3594 4491 sie
3633 4426 3855 4512 inique
3907 4427 4077 4488 lecta

2590 4530 2948 4616 epigraphe
2980 4552 3104 4614 pro
3147 4532 3378 4595 DICT.
3411 4531 3610 4594 TER.

2732 4738 2793 4809 c)
2832 4737 2872 4795 l.
2906 4758 2953 4795 c.
