4509 5584
601 43 688 62 *v*

757 43 906 62 nu*
933 45 1104 64 ..Ι--ι-
1131 45 1176 60 *Ι
1213 53 1222 62 .

1285 49 1310 66 ι·
1339 39 1948 70 ------ιὲ“----μ-.-,
1969 63 2004 70 ,-
2045 61 2062 68 ,-

942 549 958 556 ”
1020 610 1164 688 256
1549 659 1574 718 3
2061 597 2545 676 vxosssss
2594 571 3109 673 cL‘Aan.

1026 775 1084 836 is
1129 792 1261 836 non
1298 769 1657 845 dubitaret,
1716 787 1867 832 eam·
1891 752 2016 831 sibi
2044 769 2128 834 V.
2163 768 2235 834 C.
2281 770 2406 833 802
2450 768 2523 832 in
2633 766 2788 829 dum
2850 763 3101 849 coeptis
3157 762 3293 829 suia
3345 764 3497 828 satis
3553 764 3887 847 provisum
3929 778 4125 842 esset,

1029 873 1507 939 matrimonium
1559 867 1982 946 'adsciscere,
2048 890 2328 956 eumque
2391 872 2532 933 Ro-⁴
2632 869 2972 932 Neronem
3061 888 3251 932 suum
3330 867 3799 950 imperatorem
3876 866 4124 950 populo

1025 989 1173 1042 inae
1208 975 1296 1040 ad·
1323 974 1392 1040 id
1422 988 1679 1057 tempus
1722 972 2099 1057 conjugium
2130 971 2342 1057 patrui
2373 992 2531 1036 eum.

1026 1092 1227 1162 nepte
1268 1078 1595 1142 incestum
1642 1074 2016 1140 haberetur
2043 1075 2311 1141 nemine
2348 1072 2523 1138 istud

1029 1181 1239 1246 adhue
1284 1191 1601 1243 attentare
1641 1199 1830 1255 auso,
1889 1178 2267 1255 decretum,
2327 1187 2399 1238 ut
2432 1177 2531 1258 ju-

1029 1295 1165 1346 stae
1205 1281 1520 1363 deinceps
1560 1280 1733 1343 inter
1774 1294 2078 1363 patruos,
2119 1280 2528 1363 fratrumque

1032 1383 1198 1448 filias
1227 1382 1488 1465 nuptiae
1522 1393 1743 1444 essent
1791 1384 1869 1462 ⁸).
1929 1383 2293 1445 Decretum
2335 1381 2531 1443 etiam

1035 1510 1074 1550 a
1137 1498 1397 1562 senatu,
1476 1497 1549 1546 ut
1603 1496 1915 1566 carpento
1970 1482 2040 1544 in
2101 1480 2275 1544 ludis
2337 1480 2534 1546 vehe-

1033 1601 1222 1652 retur
1263 1586 1353 1668 ¹²).
1415 1585 1694 1652 Additus
1731 1606 1900 1649 anno
1936 1597 2271 1669 sequente·
2294 1584 2536 1665 Augu-

1033 1702 1183 1759 stae
1226 1688 1454 1754 titulus
1502 1689 1582 1767 e).
1671 1686 1774 1749 Ad
1819 1686 1888 1748 id
1931 1685 2259 1767 fastigium
2307 1698 2535 1749 evecta

1037 1790 1400 1878 Agrippina
1460 1788 1690 1852 altiora
1753 1789 1975 1872 eoepit
2034 1787 2291 1864 moliri,
2351 1784 2537 1848 indu»-

1039 1893 1263 1976 xitque
1302 1893 1632 1968 maritum,
1693 1903 1765 1953 ut
1818 1890 1898 1956 1..
1935 1888 2300 1953 Domitium
2349 1908 2538 1951 suum

1040 2017 1123 2059 ex
1213 1993 1426 2078 primo
1520 1992 1753 2057 marito
1828 1990 2075 2069 filium,
2161 1990 2537 2076 adoptaret,

1037 2113 1260 2181 neque
1304 2110 1528 2180 postea
1574 2093 1804 2173 desiit,
1858 2092 2307 2158 Britannicum
2353 2092 2542 2156 Clau-

1035 2197 1137 2265 ,dii
1166 2197 1402 2277 filium,
1463 2197 1578 2284 qui
1622 2219 1789 2260 unus
1825 2196 2078 2259 Neroni
2123 2214 2241 2258 suo
2292 2213 2419 2279 per
2445 2193 2543 2278 ip-

1040 2321 1148 2364 sos
1187 2301 1434 2364 natales
1479 2299 1761 2377 obstitit,
1814 2298 1997 2386 omni·
2043 2296 2384 2366 atrocitate
2437 2316 2544 2356 ve-

1037 2423 1221 2466 xare.
1295 2405 1443 2464 Huc
1491 2400 1768 2467 accessit
1801 2399 2148 2464 aemulatio
2178 2395 2541 2472 muliebris,

1046 2526 1176 2588 qua·
1202 2504 1443 2582 exilio,
1497 2518 1606 2578 aut
1658 2517 1874 2568 morte
1912 2500 2209 2566 multavit
2249 2499 2542 2562 illustres

1043 2606 1363 2682 feminas,
1438 2626 1595 2690 quas
1658 2620 1768 2670 aut
1825 2603 2067 2668 laetior
2126 2600 2370 2681 forma,
2434 2612 2544 2666 aut

1048 2707 1356 2771 natalium
1440 2707 1701 2771 claritas
1787 2703 2360 2780 commendabant,
2459 2713 2547 2766 at-

1052 2831 1180 2894 que
1265 2809 1636 2892 arrogantia
1706 2801 1854 2892 plus
1930 2827 2123 2890 quam
2198 2805 2551 2867 mulierem

1053 2912 1346 2976 deceret.
1401 2912 1569 2974 Nam
1613 2908 1794 2994 qnod
1821 2906 2180 2971 inauditum
2213 2905 2550 2983 hactenns,

1050 3014 1193 3096 ipsa
1253 3013 1320 3074 in
1401 3023 1716 3096 suggestu
1785 3009 2134 3093 conspicua
2193 3008 2384 3072 solita
2452 3020 2556 3073 est

1059 3113 1441 3197 praesidere
1473 3113 1675 3198 signis
1711 3111 2057 3188 Romania,
2090 3123 2158 3174 et
2196 3112 2427 3176 audire
2463 3113 2558 3176 le·

1062 3229 1246 3297 gatos
1312 3237 1546 3299 regum
1590 3213 1676 3296 ὅ).
1761 3212 2069 3279 Advertit
2124 3233 2201 3276 ea
2259 3213 2556 3277 mulieris

1066 3318 1448 3401 impotentia
1488 3318 1699 3400 ipsum
1753 3317 1954 3380 etiam
1988 3315 2336 3378 socordem
2374 3316 2561 3378 Clau·

1065 3417 1159 3482 dii
1213 3418 1530 3495 animum,
1590 3416 2020 3502 prorupitque
2064 3415 2411 3501 aliquando
2465 3428 2563 3480 te·-

1066 3521 1392 3583 mulentus
1443 3520 1511 3583 in
1563 3518 1940 3604 querela-m,
2002 3518 2208 3583 fatale·
2250 3518 2415 3595 sibi,
2489 3530 2564 3582 ut

1065 3623 1415 3705 conjugum
1472 3620 1716 3704 flagitia
1763 3620 2015 3696 ferret,
2065 3620 2218 3681 dein
2274 3617 2559 3701 puniret.

1025 3754 1036 3760 -
1067 3723 1347 3805 Excepit
1380 3743 1524 3785 eam
1572 3742 1800 3785 vocem
1830 3720 2223 3804 Agrippina,
2285 3739 2563 3804 eumque

1068 3822 1334 3885 timeret
1367 3822 1616 3884 Neroni
1647 3843 1794 3900 suo,
1834 3843 1920 3885 ne
1954 3842 2079 3905 per
2113 3820 2346 3885 iratum
2375 3821 2564 3885 Clau-

1069 3922 1243 3984 dium
1312 3924 1574 4007 imperii
1636 3945 1754 4009 spe
1806 3922 2146 4003 excideret
2200 3925 2379 4002 (nam
2425 3936 2561 3987 tum

1075 4026 1355 4089 maxime
1411 4024 1715 4090 Claudius
1767 4023 1985 4089 taedio
2033 4025 2259 4089 uxoris
2308 4025 2561 4111 paterni

1077 4128 1143 4188 in
1198 4124 1641 4218 B4ritannicnm
1694 4126 1986 4192 adfectus
2026 4124 2263 4190 indicia
2297 4128 2566 4192 manife-

1076 4228 1296 4308 stavit)
1356 4229 1702 4293 observato
1767 4243 2105 4313 tempore,
2165 4251 2296 4313 quo
2365 4251 2567 4316 aeger

2638 969 2925 1034 ostendit
2968 970 3051 1037 V.
3083 970 3156 1035 C.
3183 972 3332 1051 807.
3405 972 3554 1033 Non
3592 955 3921 1053 ingratum
3953 968 4130 1051 prin-

2639 1071 3145 1156 cipio-*experta
3203 1084 3303 1136 est
3346 1071 3589 1153 filium3
3633 1092 3783 1135 nam
3837 1089 4126 1134 summae

2640 1175 2930 1237 omnium
2956 1193 3183 1236 rerum
3215 1173 3657 1257 publicarum,
3712 1173 4132 1257 privatarum·

2641 1297 2769 1361 que
2824 1275 3035 1360 palam
3087 1274 3408 1359 praefuit,
3474 1288 3546 1338 et
3590 1274 3937 1339 mansisset
3999 1272 4135 1337 diu·

2642 1378 2770 1441 tius
2807 1378 2881 1439 in
2920 1398 3003 1440 eo
3035 1377 3330 1460 fastigio,
3384 1377 3441 1440 si
3482 1376 3814 1440 moderari
3862 1375 4028 1452 sibi,
4070 1388 4140 1440 et

2642 1479 3056 1542 dissimulare
3117 1478 3475 1563 juvenilem
3525 1478 3649 1541 filit
3690 1477 4139 1563 impotentiam

2640 1581 2980 1647 valuisset.
3064 1583 3154 1642 At
3200 1582 3381 1644 enim*
3422 1602 3570 1644 cum
3625 1600 3799 1644 anno
3840 1580 4141 1663 proximo

2649 1694 2970 1765 sequente
3023 1683 3331 1748 'severius
3390 1683 3490 1745 illi
3542 1702 3801 1746 amores
3868 1680 4145 1746 libertae

2651 1785 2853 1848 Actes
2923 1783 3393 1867 exprobraret,
3486 1805 3703 1871 neque
3793 1783 4144 1879 objurgare

2651 1906 2777 1969 pro
2827 1899 3126 1950 materno
3174 1886 3319 1969 jure
3368 1886 3737 1966 desineret,
3798 1885 3941 1969 ejus
3984 1907 4023 1950 a
4070 1889 4181 1948 ιε’

2654 1988 2938 2053 animum
2992 1988 3185 2069 plane
3237 1987 3494 2055 evertit.
3586 1992 3754 2052 Tum
3800 2006 3968 2054 voro
4015 1999 4148 2052 ter-
4187 2031 4194 2038 -

2652 2089 2779 2155 rita
2797 2136 2817 2168 ,
2899 2109 3049 2156 nam
3104 2091 3371 2174 longius
3428 2110 3501 2154 se
3522 2135 3540 2167 ,
3617 2083 3811 2174 quam
3863 2089 4145 2166 volebat,

2656 2211 3078 2277 progressam
3117 2190 3316 2270 vidit,
3381 2204 3453 2256 et
3493 2191 3671 2277 quod
3716 2190 3997 2273 maxime
4034 2190 4148 2257 do-

2658 2293 2868 2371 chat,
2958 2294 3313 2378 potentiam
3393 2293 3830 2380 imminutam,
3923 2292 4145 2378 coepit

2656 2416 2980 2462 converso
3033 2396 3249 2458 studio
3286 2396 3584 2459 omnibus
3615 2395 3683 2458 in
3726 2395 3926 2460 rebus
3962 2395 4152 2459 obse·

2660 2500 2773 2584 qni
2803 2496 2943 2560 filio
2994 2496 3159 2561 adeo
3194 2498 3376 2561 omni
3423 2497 3678 2581 pudore
3728 2496 4026 2581 abjecto,
4079 2512 4154 2560 ut

2660 2599 3009 2684 aliquoties
3056 2599 3426 2663 meretricis
3471 2598 3651 2663 cultu
3699 2602 3841 2684 ejus
3892 2614 4150 2685 turpem

2661 2701 3004 2765 libidinem
3019 2702 3419 2768 reclamante
3438 2714 3666 2765 natura
3680 2699 4042 2767 solicitaret
4072 2704 4158 2785 Β),

2664 2805 2809 2868 Hae
2851 2816 3029 2868 artes
3083 2802 3606 2867 eum·ineassum
3655 2803 4001 2881 caderent,
4049 2823 4157 2866 ex·
4274 2807 4285 2808 ’

2666 2926 2833 2971 uere
2905 2917 3046 2968 tum
3122 2891 3383 2969 omnem
3456 2904 4014 2983 moderationem,
4092 2919 4162 2970 et

2669 3006 3029 3072 transferre
3085 3007 3409 3072 adfectum
3470 3009 3681 3091 palam
3729 3008 3797 3069 in
3843 3008 4170 3072 Britanni-

2670 3131 2819 3174 eum
2850 3151 2869 3187 ,
2931 3094 3202 3194 adjectis
3246 3129 3379 3171 non
3434 3108 3713 3174 obscure
3762 3111 3985 3186 minis,
4045 3109 4169 3174 itu-

2672 3233 2812 3275 ram
2847 3212 2915 3274 in
2964 3224 3203 3289 castra,
3250 3222 3318 3272 et
3360 3210 3711 3293 imperium
3759 3212 3898 3275 filio
3952 3222 4172 3274 extor-

2672 3328 2905 3378 tnram.
2989 3313 3116 3374 His
3183 3325 3547 3376 commotus
3604 3315 3789 3376 Nero
3842 3314 4166 3378 Britanni-

2676 3436 2824 3479 cum
2860 3434 3116 3479 veneno
3167 3433 3204 3477 e
3251 3412 3469 3477 medio
3510 3414 3662 3478 tolit
3712 3415 3787 3496 ί).
3835 3414 3980 3507 Qua
4019 3437 4165 3481 cae-

2678 3515 2762 3579 de
2817 3514 3024 3598 magis
3076 3514 3201 3597 jam
3256 3515 3528 3579 efferata
3577 3516 3977 3601 Agrippina,
4039 3538 4173 3582 ma-

2677 3619 2908 3703 gisque
2976 3615 3191 3682 indies
3257 3616 3481 3683 verbis
3549 3617 3766 3680 minax
3821 3618 4168 3684 videbatur

2675 3719 3048 3803 perniciosa
3136 3719 3204 3780 in
3277 3719 3487 3783 filium
3581 3718 3799 3782 moliri
3875 3722 4168 3788 consilia.

2680 3817 2876 3913 Quod
2908 3839 3055 3884 cum
3088 3834 3419 3886 metueret
3460 3822 3641 3885 Nero
3664 3866 3681 3898 ,
3731 3821 4013 3903 primum
4041 3844 4170 3886 ma·

2676 3922 2765 3985 tri
2796 3922 3142 3987 ‘militares
3201 3923 3508 3988 excubias
3566 3922 3823 4000 adimit,
3892 3923 4169 3987 subinde

2677 4046 2761 4088 ex
2816 4025 3053 4109 palatio
3109 4024 3418 4088 aliorsum
3482 4023 3852 4088 translatam
3906 4023 3987 4088 ad
4043 4025 4172 4107 pri-

2678 4141 2890 4195 vatam
2971 4127 3169 4193 vitam
3254 4126 3522 4212 redigit.
3590 4137 3607 4150 ⁸
3639 4127 3932 4190 Tandem
4018 4147 4167 4192 cum

2681 4223 2861 4293 Nero
2933 4248 3159 4291 amore
3219 4229 3563 4313 Poppaeae
3614 4228 3892 4292 Sabinae
3940 4228 4175 4293 insani-

1077 4331 1468 4410 ‹lecnberat,
1543 4333 1685 4415 ejus
1748 4344 2028 4394 mortem
2074 4331 2399 4395 medicato
2455 4332 2572 4395 bo·
2682 4344 2830 4406 ret,
2886 4342 3078 4414 atque
3127 4330 3289 4394 haee
3337 4331 3639 4398 omnibus
3681 4331 3891 4395 modis
3936 4332 4175 4415 Agrip·

1077 4439 1220 4504 leto
1274 4433 1654 4526 maturavit,
1727 4453 1937 4517 eaque
2009 4433 2255 4496 tamdiu
2330 4426 2570 4511 celita,
2684 4433 2879 4514 pinse
2925 4452 3160 4496 necem
3202 4431 3546 4509 suaderet,
3599 4453 3768 4497 anno
3820 4432 3905 4502 V.
3943 4433 4016 4498 C.
4050 4434 4176 4496 812

1157 4658 1221 4728 a)
1261 4657 1401 4713 Tae.
1433 4657 1585 4712 ann.
1605 4654 1735 4714 XII.
1757 4667 1810 4719 5.
1845 4676 1968 4733 seq.
2003 4655 2248 4713 Sueten.
2274 4656 2334 4710 in
2369 4654 2582 4712 Claud.
2613 4675 2662 4712 c.
2686 4659 2777 4720 26.

1087 4750 1242 4804 Anu.
1271 4745 1398 4802 xu.
1417 4748 1508 4808 26.

1089 4840 1136 4909 §.
1159 4849 1245 4898 ιι.
1282 4833 1578 4894 victorin
1610 4834 1810 4892 Caesa.

1774 4744 1839 4819 a)
1877 4746 2021 4806 trac.
2053 4745 2203 4803 Anu.
2222 4744 2352 4802 x11.
2375 4757 2464 4809 57.

3030 4653 3102 4728 b)
3140 4655 3254 4714 Dio
3285 4658 3349 4715 L.
3374 4656 3492 4715 Lx.
3523 4657 3571 4729 ς.
3592 4669 3685 4720 33.
3836 4691 3842 4696 ·
3932 4659 3996 4729 e)
4034 4658 4178 4719 Tae.

2743 4747 2809 4820 e)
2843 4744 2987 4805 Tae.
3010 4746 3335 4808 Aumxul.
3361 4760 3445 4812 15.
3470 4758 3529 4804 et
3547 4746 3704 4809 XIV.
3725 4757 3779 4809 2.
3807 4746 3920 4804 nio
3946 4746 4013 4804 L.
4030 4745 4182 4806 LXI.-

1968 4835 2021 4906 f)
2061 4833 2202 4892 Tac.
2229 4832 2388 4893 xm.
2411 4848 2475 4895 12
2503 4854 2627 4912 seq.
2664 4885 2677 4900 ,
