4509 5584
1654 525 2243 646 'rmnmvs

398 711 554 795 tuna
604 694 957 782 dissipante
1002 696 1299 780 primum
1343 695 1410 759 in
1465 696 1755 761 Siciliam
1803 696 1888 760 ad

397 800 550 866 Sex.
587 799 1016 884 Pompeium,
1070 798 1226 862 inde
1281 798 1364 862 ad
1404 801 1495 864 M.
1527 791 1895 863 Antonium

396 922 547 964 cum
609 921 816 964 uxore
872 899 1086 974 Livia,
1147 915 1216 985 et
1275 901 1545 964 Tiberio
1600 899 1888 966 necdum

391 973 572 1065 bimo
652 1000 969 1085 profugit.
1054 1001 1376 1066 Restituta
1450 1024 1608 1065 mox
1682 1004 1891 1067 Anto-

3358 552 3500 656 ‚iss

2001 695 2108 759 nia
2155 690 2458 759 exstincti
2510 713 2750 781 corpus
2787 694 3065 761 Romam
3107 700 3338 768 refert.
3385 702 3496 768 Ob

1999 796 2209 864 victos
2269 797 2630 871 Dalmatas,
2708 817 2784 863 ac
2847 789 3219 865 Pannonios
3295 823 3494 871 ovans

2004 897 2237 961 urbem
2268 896 2485 962 intrat.
2533 897 2750 980 (Dio.)

2128 999 2212 1068 V.
2252 1000 2326 1063 C.
2379 1000 2527 1082 746.
2595 1003 2671 1062 In
2704 1001 3070 1072 Germanos
3109 1016 3336 1072 movet
3381 1006 3501 1071 du·

383 1104 566 1168 nium
614 1102 824 1178 inter,
886 1117 957 1165 et
1003 1100 1431 1168 Octavianum
1477 1125 1639 1189 pace
1686 1120 1879 1191 pater
1991 1093 2099 1165 cto
2136 1121 2362 1164 secum
2406 1101 2478 1166 C.
2513 1097 2816 1172 Caesare.
2902 1093 3128 1188 Rebus
3169 1108 3494 1191 composi-

384 1205 692 1268 Tiberius
746 1204 937 1267 venia
978 1203 1142 1267 facta
1181 1207 1457 1270 Romam
1511 1207 1740 1285 rediit,
1799 1230 1874 1272 ac

383 1308 608 1392 paullo
656 1320 805 1388 post
836 1305 936 1371 ·V.
997 1305 1067 1366 C.
1122 1308 1247 1389 716
1296 1295 1548 1374 Liriam
1630 1310 1884 1374 Tiberii

384 1407 598 1471 nos'tri
639 1419 913 1468 matrem
942 1410 1217 1491 ‘petenti
1252 1409 1616 1475 Octaviano
1661 1411 1880 1477 cessit.

384 1510 655 1593 Sumpta
701 1508 874 1573 virili
923 1522 1113 1591 toga,
1176 1510 1352 1594 quod
1406 1509 1646 1573 factum
1688 1514 1773 1580 V.
1809 1514 1880 1575 C.

380 1631 509 1698 727
553 1611 683 1675 fdie
733 1611 969 1677 XXIV.
1014 1611 1263 1697 Aprilis
1343 1609 1661 1675 definiunt
1732 1612 1883 1676 fasti

378 1714 602 1790 Verii,
658 1733 823 1798 qnae
875 1711 1114 1774 deinde
1166 1713 1305 1795 ejus
1339 1732 1463 1794 per
1502 1712 1884 1777 adolescen-

381 1815 535 1883 tiam
575 1815 825 1892 fuerint
852 1834 961 1875 res
996 1827 1218 1896 geste,
1271 1814 1664 1897 compendio
1697 1835 1884 1877 enar-

382 1931 486 1982 rat
512 1914 859 1979 Suetonius
908 1916 997 1995 ⁸),
1049 1914 1238 1978 ducta
1284 1915 1451 1978 intra
1499 1915 1673 1978 istud
1723 1930 1885 1979 tem·

386 2041 512 2104 pus
530 2016 838 2101 Vipsania
858 2016 1218 2100 Agrippina
1251 2019 1343 2079 M.
1363 2017 1696 2100 Agrippae
1726 2015 1880 2082 filia.

387 2120 639 2204 Majora
691 2137 844 2180 mox
892 2116 1235 2180 mandante
1282 2119 1577 2202 Augusto
1626 2139 1889 2203 aggres-

392 2245 538 2299 sus,
589 2240 755 2305 quae
807 2239 979 2282 nunc
1022 2239 1142 2303 per
1193 2219 1457 2282 annales
1493 2220 1885 2307 compendio

388 2322 859 2389 enarrabimus.

306 2411 315 2418 ’
523 2427 611 2492 V.
645 2424 719 2487 C.
755 2425 903 2506 734.
992 2421 1368 2486 Armeniam
1408 2443 1555 2486 cum
1589 2424 1888 2487 exercitu

395 2528 740 2609 ingressus
782 2543 1066 2606 ,regnum
1115 2525 1385 2610 Tigrani
1430 2525 1752 2603 restituit,
1810 2545 1886 2588 ac

396 2649 523 2716 pro
560 2626 870 2700 tribunali
899 2625 1194 2689 diadema
1234 2628 1568 2711 imposuit,
1622 2648 1706 2689 ex
1755 2648 1885 2711 quo

398 2729 623 2816 coepit
647 2749 968 2791 summum
998 2729 1345 2812 imperium
1381 2728 1625 2809 agitare
1643 2729 1883 2795 animo.

396 2829 680 2914 Recepit
708 2827 1121 2915 etiamasigna
1155 2833 1246 2906 Μ.
1282 2830 1516 2893 Crasso
1552 2852 1589 2893 a
1620 2830 1884 2894 Parthis

394 2919 700 3015 adempta
727 2927 813 3012 ¹³).

518 3033 602 3100 V.
625 3033 700 3110 C.
733 3033 884 3115 738.
931 3032 1241 3109 Praetor,
1280 3032 1601 3117 simulque
1635 3033 1701 3094 in
1737 3033 1886 3096 Gal-

390 3136 547 3201 liam
578 3156 724 3198 cum
755 3136 1051 3216 Angusto
1083 3134 1538 3218 proficiscitur.
1585 3135 1798 3217 (Dio.)

520 3238 603 3304 V.
640 3238 715 3300 C.
753 3237 901 3317 739.
986 3237 1276 3300 Rhaetos
1313 3259 1439 3301 una
1487 3258 1633 3301 cum
1677 3237 1882 3301 fratre

385 3342 609 3404 Druso
642 3337 905 3421 subigit.
950 3339 1168 3418 (Dio.)
1848 3348 1883 3388 ι.

515 3443 603 3508 V.
636 3442 890 3519 C.7'41.
979 3438 1222 3503 Consul
1269 3441 1528 3528 collega
1582 3438 1881 3537 Quincti·

384 3542 481 3608 lio
515 3544 717 3612 Varo.

414 3701 423 3708 .
515 3646 598 3714 V.
632 3645 705 3709 C.
743 3653 892 3730 742.
977 3641 1347 3706 Pannonios
1383 3642 1465 3705 ad
1498 3643 1883 3730 obsequium
1913 3641 1924 3656 '

385 3760 686 3824 revocat,
749 3757 819 3808 et
864 3758 1102 3829 negato
1151 3744 1483 3828 triumpho
1524 3747 1884 3809 honoribus

388 3846 892 3932 triumphalibus
930 3860 1220 3914 ornatur.
1268 3849 1511 3929 (Dio)..

516 3951 599 4017 V.
634 3950 709 4012 C.
749 3950 899 4033 743.
955 3948 1227 4011 labetur
1267 3949 1616 4032 repudiare
1659 3951 1887 4034 Vipsa-

392 4052 569 4115 niam
642 4050 1112 4135 Agrippinam,
1178 4065 1245 4114 et
1313 4051 1539 4114 Iuliam
1610 4051 1890 4134 Augusti

392 4154 629 4229 filiam,
680 4167 749 4216 et
783 4156 876 4216 Μ.
909 4154 1243 4236 Agrippae
1302 4153 1560 4215 viduam
1615 4153 1886 4216 ducere.

393 4255 731 4322 Dalmatas
776 4275 849 4318 ac
901 4255 1271 4318 Pannonios
1332 4252 1548 4316 denuo
1604 4254 1885 4318 infestat.

382 4357 617 4525 1⁰¹<ae
636 4456 711 4522 C.
755 4458 904 4536 745.
965 4456 1215 4520 Fratris
1272 4456 1473 4518 Drusi
1503 4454 1569 4517 in
1617 4455 1887 4519 Germa·

366 4623 383 4646 κ
466 4683 531 4754 a)
562 4681 707 4760 Cap.
733 4694 788 4743 7.
914 4682 985 4754 b)
1016 4681 1165 4748 Dio,
1206 4681 1449 4737 Sueten.
1482 4691 1639 4754 c.9.‚

387 4770 443 4844 s)
472 4770 633 4829 Suet.
669 4791 720 4830 c.
742 4783 828 4834 12.
864 4782 945 4835 13.
1094 4772 1159 4845 g)
1197 4769 1358 4829 Suet.
1390 4779 1546 4832 c.t1'{·
1580 4779 1662 4862 ¹⁵?

1733 4682 1795 4755 c>
1821 4679 1971 4750 Dio,
2008 4677 2172 4738 Suet.
2205 4695 2255 4735 c.
2275 4688 2327 4752 9.

1989 1197 2071 1265 tis
2119 1199 2502 1287 imperator
2527 1203 2796 1283 dicitur,
2853 1219 2921 1269 et
2961 1207 3329 1291 triumphus
3382 1209 3496 1273 de-

1997 1304 2326 1381 cernitur,
2381 1306 2745 1391 consulque
2801 1308 3042 1371 iterum
3094 1310 3497 1395 designatur.

2000 1394 2216 1489 (Dio.)

2124 1507 2209 1573 V.
2251 1507 2324 1569 C.
2367 1515 2516 1590 747.
2609 1483 2854 1573 Consul
2905 1513 2984 1574 11.
3015 1510 3099 1575 de
3150 1511 3497 1577 Germanis

1997 1597 2372 1692 triumphat.
2477 1611 2715 1675 Denuo
2771 1611 2855 1676 ad
2912 1612 3164 1677 bellum
3222 1615 3497 1680 Germa·

1997 1708 2217 1772 nicum
2267 1709 2420 1774 exit.
2468 1711 2686 1794 (Dio.)

2125 1811 2208 1877 V.
2239 1811 2313 1876 C.
2346 1813 2496 1894 748.
2540 1814 2897 1898 Augustus,
2932 1836 3063 1900 quo
3098 1818 3239 1901 Caji
3273 1831 3339 1880 et
3368 1818 3498 1882 Lu·

1999 1910 2087 1972 cii
2122 1912 2341 1976 caess.
2374 1910 2782 1978 insolentiam
2816 1918 3251 2001 reprimeret,
3298 1918 3495 1983 Tibe·

1996 2012 2101 2100 rio
2171 2013 2322 2076 trib.
2378 2030 2770 2098 potestatem
2844 2018 2909 2078 in
2979 2020 3498 2105 quinquennium

1935 2184 1941 2192 ‚
2006 2113 2268 2177 confert
2314 2118 2398 2198 ι’).
2479 2118 2785 2180 Rhodum
2844 2122 3102 2184 recedit
3158 2137 3498 2205 praetenta

2003 2214 2301 2278 laborum
2358 2219 2628 2303 requie,
2700 2233 2768 2284 et
2828 2222 3194 2286 studiorum
3245 2245 3497 2292 amore.

2002 2315 2139 2378 Alii
2175 2318 2347 2381 istud
2382 2321 2641 2384 consilii
2678 2336 2936 2406 captum
2985 2324 3202 2388 taedio
3247 2326 3524 2404 uxoris,⁴

2001 2417 2167 2496 alii,
2197 2441 2286 2484 ne
2338 2443 2651 2504 praesens
2684 2423 2842 2506 Cajo
2876 2438 2943 2487 et
2974 2426 3183 2490 Lucio
3234 2427 3495 2493 obstare

2003 2521 2375 2601 videretur,
2421 2524 2795 2590 credidere.
2853 2527 3310 2592 Posteriorem
3352 2523 3501 2593 cau·

2004 2643 2137 2683 sam
2174 2623 2315 2705 ipse
2360 2626 2569 2688 serius
2605 2626 2945 2690 confessus
2989 2641 3090 2691 est
3129 2626 3221 2710 ¹¹).
3278 2632 3500 2698 Vitam

1992 2722 2065 2804 ‘in
2104 2723 2312 2786 insula
2341 2728 2728 2809 popularem
2768 2749 2842 2791 ac
2879 2728 3138 2792 civilem
3173 2731 3347 2813 egit,
3394 2719 3517 2797 s'e·'

2000 2825 2130 2886 mel
2179 2838 2426 2906 tantum
2476 2828 2627 2891 trib.
2663 2831 3003 2913 pntestatis
3045 2830 3194 2912 jure
3243 2831 3500 2896 exerci-

1902 2975 1910 2982 .
2000 2938 2105 3004 to,
2150 2926 2328 3011 quod
2361 2929 2600 2990 sactum
2632 2944 2850 2992 narrat
2881 2931 3234 2994 Suetonius
3265 2935 3349 3012 θ).

2048 3105 2054 3116 Ι
2125 3027 2209 3094 V.
2248 3030 2320 3090 C.
2366 3030 2516 3110 753.
2601 3032 2906 3100 Exeunte
2965 3032 3115 3096 trib.
3155 3017 3498 3118 potestatis

2002 3126 2447 3214 quinquennio
2491 3121 2776 3195 reditum
2816 3135 3090 3195 Romam
3140 3133 3498 3213 desiderat,

2001 3234 2119 3297 sed
2180 3233 2331 3318 quia
2389 3235 2754 3298 reluctante
2812 3237 3108 3319 Augusto
3174 3237 3492 3315 discessit,

1997 3357 2129 3398 non
2161 3336 2486 3419 impetrat.
2532 3335 2830 3424 Substitit
2863 3337 3064 3420 igitur
3092 3338 3313 3401 Rhodi
3344 3361 3498 3423 qua·

2000 3438 2056 3500 si
2087 3442 2360 3521 'legatus
2406 3436 2486 3499 ab
2539 3439 2874 3522 Augusto,
2952 3438 3070 3503 sed
3122 3440 3375 3503 abditus
3422 3440 3494 3503 in

2001 3539 2176 3623 agris
2226 3538 2758 3617 mediterraneis,
2809 3554 2877 3603 et
2931 3539 3232 3624 deposito
3280 3545 3493 3627 patrio

1999 3639 2225 3703 habitu
2263 3637 2342 3702 ad
2380 3641 2681 3724 pallium,
2727 3657 2797 3705 et
2828 3643 3127 3727 crepidas
3165 3645 3491 3723 redactus,

1999 3756 2192 3826 atque
2226 3742 2438 3804 indies
2470 3745 2930 3827 contemptior,
2962 3745 3313 3829 praecipue
3344 3768 3494 3834 cum

2001 3844 2192 3926 Cajus
2222 3846 2460 3907 Caesar
2495 3859 2629 3908 tum
2662 3846 3102 3911 in‘Orientem
3134 3848 3494 3927 profectus,

2002 3946 2107 4009 cui
2133 3947 2302 4029 apud
2326 3949 2584 4008 Samum
2623 3961 3040 4025 occurrerat,
3063 3947 3187 4010 sibi
3217 3951 3496 4015 alienior

2004 4061 2179 4111 esset
2216 4062 2592 4130 compertus
2637 4046 2709 4124 f).
3053 4057 3060 4068 '
3171 4114 3180 4122 ,

2139 4152 2211 4218 V.
2248 4149 2324 4213 C.
2374 4151 2525 4229 755.
2617 4137 2776 4212 Post
2826 4149 3110 4213 octennii
3159 4172 3493 4216 secessum

2004 4248 2401 4333 deprecante
2457 4250 2679 4327 Livia,
2741 4239 2808 4313 et
2859 4252 3282 4335 permittente
3335 4255 3493 4337 Caio

2003 4354 2189 4436 Caes.
2229 4353 2594 4415 restituitur
2631 4353 2906 4437 patriae,
2951 4374 3027 4418 ea
3061 4367 3276 4418 tamen
3315 4356 3492 4439 lege,

1999 4475 2086 4518 ne
2119 4475 2311 4539 quam
2343 4469 2596 4538 partem
2631 4456 2797 4542 reip.
2827 4457 3179 4542 attingeret
3208 4460 3292 4542 8).
3335 4457 3494 4521 Per-

2455 4676 2525 4750 d)
2556 4669 2719 4738 S'uct.
2748 4697 2798 4737 c.
2823 4693 2905 4742 to.
2943 4696 3026 4744 tt.
3151 4685 3215 4778 e)
3248 4702 3379 4761 cap.
3406 4696 3488 4745 tt·
