4509 5584
1348 473 1987 587 ‘'rmnmvs
2057 505 2500 586 1vN1on.
2623 591 2628 597 ,

3362 529 3515 596 207

410 681 526 748 dit.
586 679 803 745 Etiam
844 679 911 744 in
950 700 1151 744 numo
1196 678 1392 744 simili
1425 680 1637 744 musei
1668 680 1904 743 Caesa·-
2016 692 2090 742 ut
2144 678 2436 742 diximus·
2479 677 2548 740 in
2601 689 2880 745 tractatu
2917 678 3288 746 denumis
3331 681 3512 752 eolo·

408 783 511 847 rei
554 795 825 868 praeter
863 778 1226 844 ΚΑΙΣΑΡ
1268 783 1690 866 perspicuum
1734 783 1903 844 nihil
2016 781 2295 848 uiarum.

410 896 532 949 est.
610 884 928 967 Tempori
977 884 1183 966 igitur
1240 883 1725 970 expediendum
1785 883 1904 946 du·

405 984 589 1050 bium
625 986 1058 1070 relinquatur.
1149 1061 1191 1102 δ

938 1116 979 1152 ι
1355 1113 1397 1154 e

526 1190 605 1252 In
655 1189 874 1274 Cypro
929 1207 1078 1251 cum
1129 1184 1488 1272 epigraphe
1539 1185 1763 1250 Latina
1812 1167 1899 1249 si:-

402 1289 580 1376 guati
619 1290 822 1354 Drusi
864 1291 1081 1366 numi,
1127 1287 1306 1373 quod
1349 1287 1702 1372 persuadet
1744 1309 1895 1371 pro·

397 1395 682 1476 positum
755 1391 828 1453 in
898 1391 979 1452 iis
1020 1388 1371 1473 ,templum
1427 1389 1712 1457 Veneris
1774 1391 1897 1451 Pa-

324 1551 331 1558 .
395 1493 630 1578 phiae,
673 1492 802 1556 etsi
843 1490 1127 1568 insulae,
1159 1504 1271 1553 aut
1305 1489 1467 1554 sitae
1500 1489 1677 1553 inea
1713 1489 1894 1553 urbis

398 1595 613 1659 omnis
656 1593 915 1659 mentio
950 1592 1138 1658 absit.
1207 1592 1596 1662 Vaillantius
1641 1612 1758 1656 eos
1784 1592 1898 1666 ,in-

397 1710 508 1759 ter
546 1695 749 1759 urbes
794 1696 1115 1773 colonias,
1173 1706 1284 1757 aut
1325 1714 1491 1778 quae
1534 1693 1702 1756 Latii
1748 1693 1893 1775 jure

398 1798 671 1861 donatae
704 1811 883 1873 sunt,
940 1810 1215 1880 propter
1253 1817 1445 1858 unam
1486 1794 1893 1879 epigraphen

398 1899 697 1966 Latinam
725 1911 1056 1978 recenset,
1089 1896 1351 1962 sinistro
1384 1916 1541 1963 sane
1575 1896 1892 1974 instituto,

2132 884 2215 943 -ln
2280 881 2492 945 numis
2554 882 2859 948 Sardium
2924 882 3196 969 fingitur
3267 884 3510 950 sedens

2013 1005 2165 1048 cum
2211 982 2645 1063 Germanico,
2710 985 2794 1049 de
2839 984 3072 1071 quibus
3114 1007 3384 1073 agemus
3442 988 3512 1051 in

2011 1087 2227 1148 uumis
2267 1085 2662 1153 Germanici.

2016 1225 2024 1233 ·
2136 1192 2212 1249 In
2262 1186 2706 1265 coloniarum,
2762 1188 3236 1274 acsspraecipue
3278 1190 3511 1275 Hispa·

2006 1289 2157 1352 niae
2192 1287 2404 1350 numia
2443 1289 2731 1352 recurrit
2770 1288 3216 1374 frequentius,
3264 1304 3332 1354 et
3369 1290 3509 1377 qui·

2008 1392 2161 1453 dem
2199 1390 2378 1453 solus
2418 1388 2487 1450 in
2524 1390 2737 1470 numis
2771 1391 3069 1470 Italicae,
3118 1392 3188 1456 in
3237 1412 3506 1457 consor·

2007 1491 2101 1554 tio
2134 1512 2282 1553 cum
2314 1489 2477 1553 Iulia
2509 1491 2682 1568 avia,
2722 1505 2830 1555 aut
2862 1492 3255 1560 Germanico
3283 1495 3360 1562 ,in
3388 1516 3507 1561 nu·

2004 1593 2129 1660 mis
2162 1590 2515 1668 Romulae,
2560 1606 2630 1655 et
2668 1594 3083 1659 Tarraconis.

2135 1693 2464 1776 Insignem
2528 1694 2724 1756 alium
2788 1696 2851 1758 in
2921 1699 3171 1762 incerta
3230 1696 3497 1766 Africae

2011 1795 2271 1858 colonia
2323 1795 2643 1878 signatum
2700 1796 2907 1860 edidit
2956 1798 3355 1868 Pellerinius
3405 1806 3499 1885 ⁸),

2010 1914 2208 1980 quem
2250 1894 2571 1979 descripsi
2606 1897 2676 1962 in
2707 1898 2921 1965 numis
2957 1900 3391 1987 Carthaginis.

1679 2168 2217 2239 PRETIVM.

768 2348 1054 2411 ·Aureus
1096 2339 1270 2427 apud
1311 2362 1514 2407 nuum
1553 2340 2076 2411 Mediobarbum·

792 2447 1117 2535 Argentei
1272 2478 1304 2496 -
1465 2477 1499 2498 ·

791 2551 1004 2614 Aenei
1047 2547 1097 2613 1.
1144 2547 1396 2613 formae
1469 2577 1498 2598 ο

1050 2653 1133 2714 ΙΙ.

1049 2752 1161 2815 111.

790 2850 988 2914 Numi
1033 2847 1275 2915 Graeci

788 2953 1210 3016 Coloniarum

789 3051 1220 3120 Alexandrini

1192 3425 1742 3496 TIBERIVS
1815 3444 1901 3495 et
1976 3424 2061 3498 N.
2145 3425 2691 3500 GEMELLI.
2783 3437 2809 3480 Ἴ

1006 3516 1057 3524 -ο

520 3601 710 3663 Anno
742 3597 825 3666 V.
854 3597 930 3665 C.
960 3615 1084 3680 772
1123 3599 1342 3662 Druso
1376 3594 1617 3679 iuniori
1650 3616 1736 3660 ex
1766 3596 1879 3660 Li-

386 3701 646 3766 via‘sua
690 3698 823 3763 duo
863 3700 1074 3765 virilis
1118 3722 1312 3764 sexus
1359 3722 1486 3765 una
1522 3699 1676 3764 'nati
1728 3714 1878 3764 suut

388 3822 619 3887 magna
664 3802 919 3866 Tiberii
971 3802 1347 3885 voluptate,
1407 3816 1477 3866 et
1530 3800 1876 3866 immodica

386 3904 770 3987 jactatione,
828 3916 903 3966 ut
945 3905 1077 3989 ‘qui
1129 3915 1359 3967 cuncta
1411 3904 1603 3968 etiam
1647 3903 1878 3966 fortui-

380 4019 447 4069 ta
492 4007 575 4069 ad
623 4003 902 4092 gloriam
956 4004 1255 4074 vertebat
1297 4003 1384 4087 b).
1452 4006 1712 4067 Horum
1761 4003 1877 4066 uni

383 4107 588 4172 fuisse
628 4127 875 4170 nomen
917 4106 1191 4170 Tiberio
1234 4117 1508 4171 constat.
1580 4106 1875 4171 Alterius

385 4210 740 4296 appellatio
797 4210 1040 4293 ignota.
1129 4210 1419 4272 Drusum
1477 4220 1668 4270 vocat
1729 4200 1892 4270 Tri.

388 4328 609 4377 nanus
650 4314 747 4397 0),
835 4311 1303 4374 Germanicum
1360 4307 1736 4373 Harduinus
1779 4305 1870 4391 d),

459 4574 523 4643 a)
564 4535 704 4629 nel.
731 4572 776 4629 1.
809 4588 874 4646 p.
894 4574 1021 4635 260.

388 4660 863 4822 3d213²linii1¹om
890 4663 934 4722 1.
976 4680 1037 4738 p·
1061 4672 1187 4733 729·

1198 4569 1269 4643 b)
1302 4570 1445 4627 Tac.
1474 4571 1627 4628 Anu.
1653 4568 1729 4629 11.
1762 4578 1852 4634 84.

1410 4663 1473 4731 e)
1510 4660 1650 4717 Tac.
1676 4657 1956 4719 Ann.·1V.
1998 4670 2079 4721 15.

1992 3597 2112 3663 sed
2170 3611 2411 3663 neuter
2471 3599 2611 3664 ullo
2676 3610 2950 3664 auctore
3014 3616 3162 3662 rem
3230 3593 3481 3683 probat.

1991 3701 2285 3765 Alterius
2364 3700 2564 3784 hujus
2637 3700 2820 3764 nulla
2902 3698 3202 3764 habenda
3285 3703 3488 3779 ratio,

1991 3786 2299 3886 quoniam
2339 3801 2549 3866 infans
2595 3802 2807 3866 adhuc
2849 3801 3279 3889 quadriennio
3335 3816 3487 3888 post

1990 3899 2071 3971 V.
2119 3905 2190 3967 C.
2244 3902 2374 3986 776
2447 3916 2741 3966 mortuus
2812 3917 2916 3967 est
2961 3906 3043 3986 e).
3145 3903 3486 3970 Infelicior

1989 4006 2160 4068 alter
2200 4006 2397 4069 vitam
2438 4003 2832 4090 aliquamdiu
2876 4006 3232 4090 protraxit,
3301 4029 3483 4093 spre-

1986 4119 2092 4171 tus
2131 4129 2167 4172 a
2197 4106 2501 4184 Tiberio,
2553 4106 2732 4169 velut
2770 4118 3126 4190 conceptus
3175 4115 3367 4171 esset·
3396 4130 3479 4173 ex

1986 4206 2313 4272 adulterio
2374 4206 2637 4292 cognita
2694 4207 2918 4270 matris
2943 4213 2948 4218 '
2976 4207 3232 4280 Liviae,
3266 4208 3488 4278 libidis

1986 4329 2072 4372 ne
2113 4307 2190 4392 ί).
2263 4305 2483 4372 Heres
2535 4320 2755 4371 tamen
2807 4328 2894 4371 ex
2948 4321 3336 4375 testamento
3380 4332 3484 4376 ae·

2031 4571 2094 4640 c)
2139 4569 2371 4627 Comm.
2403 4561 2538 4627 liist.
2563 4569 2635 4627 T.
2659 4568 2705 4627 1.
2740 4588 2800 4644 p.
2825 4582 2946 4654 ¹73·
3133 4570 3204 4646 d)
3242 4572 3306 4629 in
3343 4587 3484 4632 nota

2300 4660 2354 4729 s)
2391 4658 2550 4716 Suet.
2583 4658 2644 4714 iu
2675 4657 2811 4717 Tib.
2841 4680 2898 4720 c.
2921 4663 3012 4725 62.
3051 4660 3165 4722 Dio
3198 4661 3484 4727 1..1.v111.
