4509 5584
1566 521 2305 638 MAncELLvs

979 725 1253 792 Numi.-
1365 713 1373 726 ’

515 827 772 892 Desunt
820 831 1002 893 numi
1051 830 1387 895 commatis
1421 831 1719 895 Romani.
1777 831 1881 895 Ex

386 930 762 1014 peregrinis
825 931 1098 1018 insignis
1148 935 1577 1017 praestantiae
1627 948 1730 998 est
1784 954 1882 998 se·

388 1052 635 1117 quens:

665 1134 962 1202 mVVS.
1008 1135 1223 1200 AVG.
1251 1138 1428 1201 ῙΜΡ.
1467 1136 1879 1203 OCTAVIA.

678 1238 918 1320 Capita
953 1241 1228 1301 adversa
1265 1242 1593 1321 Augusti,
1623 1240 1737 1301 cui
1774 1260 1882 1300 su-

658 1359 865 1420 perne
905 1341 1208 1402 imminet
1246 1331 1523 1401 astrum'
1558 1341 1766 1414 solis,
1812 1351 1881 1400 et

394 1463 411 1468 -
508 1501 509 1506 ,
674 1441 1028 1514 Octaviae,
1060 1461 1264 1519 supra
1291 1461 1487 1518 quam
1519 1440 1779 1502 lunula.

376 1540 493 1605 TI.
528 1539 896 1606 CAESAR.
956 1541 1164 1608 DIVI.
1217 1541 1422 1610 AVG.
1472 1542 1558 1608 F.
1578 1533 1877 1609 AVGV·

379 1639 1288 1709 STVS.1MP.V11.P.M.
1375 1645 1585 1723 Caput
1626 1643 1875 1708 Tiberii

377 1746 649 1807 nudum.
696 1743 835 1807 AB.
877 1764 1048 1809 max.
1077 1743 1252 1808 mod.
1288 1746 1487 1825 (Mus.
1527 1741 1746 1810 caes.)

503 1844 626 1907 Cui
696 1845 1072 1928 provinciae
1148 1867 1381 1907 numus
1460 1846 1569 1908 hic
1622 1846 1869 1909 natales

374 1966 528 2010 suos
568 1944 838 2025 deheat,
890 1946 1239 2034 incertum.
1301 1947 1586 2016 Videtur
1620 1968 1704 2011 eo
1736 1946 1869 2012 fine

373 2048 661 2134 signatus
697 2047 1100 2126 hic'numus‚
1162 2062 1233 2111 ut
1268 2048 1708 2132 intelligatur,
1761 2050 1872 2111 'ri-

370 2150 635 2216 herium
680 2147 763 2215 ad
806 2151 1086 2234 Augusti
1146 2149 1492 2229 familiam,
1553 2151 1620 2212 in
1677 2172 1866 2237 quam

368 2251 709 2340 adoptatus
756 2264 1003 2316 tantum
1050 2251 1208 2329 fuit,
1274 2253 1474 2337 pleno
1520 2253 1689 2337 jure
1720 2274 1870 2338 per-

366 2356 611 2422 tinere.
670 2354 1007 2416 Praeclari
1045 2353 1232 2435 hujus
1268 2354 1567 2417 cimelii
1545 2375 1674 2437 Jam
1706 2353 1863 2416 olim

365 2457 670 2522 meminit
694 2455 1068 2519 Frolichius
1102 2456 1181 2536 ⁸).

887 2604 927 2642 ὓ
1098 2556 1139 2596 *
1309 2602 1349 2641 st

499 2659 706 2744 Caput
737 2657 1049 2727 Octaviae
1081 2680 1116 2721 a
1146 2658 1366 2722 multis
1401 2656 1694 2723 creditur
1724 2658 1865 2722 sisti

3289 531 3475 653 'rm

1996 731 2290 816 jugatum
2356 752 2505 795 cum
2565 730 2776 816 capite
2828 731 3048 803 mariti
3081 719 3360 800 'Antonii
3419 737 3492 801 in

1996 836 2210 897 numis
2246 833 2658 917 cistophoris,
2673 835 3030 918 variisque*
3044 840 3267 901 aeneis
3300 860 3492 924 prae·

1994 935 2324 999 sectorum
2405 935 2632 999 classis
2696 935 2836 1019 ejus
2877 937 3146 1003 uuiti.
3234 942 3488 1008 Veram

1997 1049 2145 1098 aunt
2181 1035 2420 1098 eruditi
2470 1037 2608 1115 am,
2668 1039 2778 1124 qui
2819 1024 3143 1103 muliebre
3183 1041 3348 1104 inus
3383 1064 3488 1108 c·-

1990 1153 2108 1222 put
2152 1158 2299 1201 esse
2333 1140 2720 1224 Cleopatrae
2759 1141 3164 1218 existimant,
3220 1142 3308 1207 de
3358 1167 3483 1230 qua

1989 1240 2106 1304 lite
2146 1240 2718 1325 multa·disputavi
2767 1231 3084 1304 in⁸numis
3137 1246 3359 1330 aeneis
3391 1249 3484 1314 Μ.

1988 1343 2280 1407 Antonii.
2364 1346 2649 1405 Rursum
2731 1342 2842 1405 alii
2919 1341 3233 1409 Octaviae
3294 1359 3486 1432 caput

1987 1442 2280 1527 jugatum
2317 1464 2464 1507 cnm
2501 1445 2711 1528 capite
2739 1447 2829 1506 Μ.
2867 1445 3137 1508 Antonii
3179 1447 3485 1513 viderunt

1989 1544 2063 1606 in
2095 1567 2295 1608 numo
2342 1547 2620 1630 Sinopes
2654 1546 3138 1630 Paphlagoniae
3159 1593 3176 1625 ‚
3219 1548 3339 1611 sed
3366 1567 3485 1614 eos

1988 1645 2191 1709 fuisse
2249 1645 2600 1730 deceptos,
2665 1646 3107 1714 demonstravi
3160 1649 3228 1712 in
3271 1652 3484 1716 numis

1989 1747 2131 1830 ejus
2167 1747 2496 1810 coloniae.

2111 1848 2334 1910 Alium
2408 1848 2604 1912 etiam
2662 1850 2990 1933 Corcyrae
3065 1852 3485 1935 protulerunt

1982 1949 2261 2027 eruditi,
2329 1949 2397 2010 in
2456 1971 2584 2034 quo
2640 1965 3024 2034 comparent
3081 1955 3350 2036 Antonii
3409 1968 3478 2019 et

1982 2049 2296 2116 Octaviae
2367 2049 2576 2135 capita
2639 2052 2856 2136 jugata
2905 2052 3156 2138 adjecta
3210 2057 3482 2139 insuper

1980 2153 2320 2238 utriusque
2366 2152 2766 2237 epigraphe,
2827 2154 2946 2217 sed
2997 2156 3184 2240 hanc(
3217 2157 3480 2220 afalsa·

1981 2254 2084 2316 rio
2113 2255 2275 2318 scite
2319 2254 2522 2318 fuisse
2558 2255 2904 2334 intrusam,
2953 2254 3090 2319 dixi
3117 2255 3188 2318 in
3217 2272 3479 2324 moneta

1978 2355 2168 2442 hujus
2207 2357 2480 2421 insulae.

2106 2460 2376 2521 Certum
2408 2458 2608 2541 igitur
2642 2458 2917 2524 illustris
2956 2459 3148 2546 hujus
3183 2461 3472 2528 feminas

1977 2572 2171 2642 caput
2234 2558 2547 2622 habemus
2614 2560 2682 2622 in
2754 2584 2957 2625 numo
3017 2563 3215 2628 unico
3270 2564 3479 2627 musei

1979 2659 2321 2740 Caesarei,
2366 2682 2564 2747 quem
2589 2661 2886 2729 recitavi.

1563 2983 2291 3050 MARCELLVS.

493 3156 590 3218 Μ.
609 3152 917 3218 Claudius
947 3152 1306 3216 Marcellus
1344 3163 1532 3215 natus
1564 3164 1749 3235 patre
1787 3152 1858 3215 C.

364 3253 649 3319 Claudio
702 3254 1056 3327 Marcello.
1136 3267 1203 3317 ct
1252 3253 1523 3317 Octavia
1578 3254 1861 3337 Augusti

360 3376 643 3434 sorore,
715 3378 791 3422 ac
866 3357 1317 3422 verisimiliter
1397 3355 1570 3419 circa
1630 3377 1867 3419 annum

360 3459 451 3527 V.
497 3459 577 3526 C.
646 3479 812 3541 710,
877 3479 1028 3521 nam
1083 3458 1207 3521 fuit
1278 3458 1509 3522 senior
1563 3457 1867 3536 Tiberio,

359 3574 519 3627 nato
551 3560 729 3630 V.C.
759 3578 911 3645 7¹²·
962 3562 1055 3628 Vt
1075 3582 1197 3644 pax
1221 3559 1397 3624 inter
1416 3560 1866 3645 Octavianum,

366 3676 443 3729 et
490 3662 646 3728 Sex.
675 3663 1067 3747 Pompeium
1126 3661 1539 3739 firmaretur,
1591 3662 1652 3724 ei
1699 3681 1867 3742 anno

365 3765 457 3832 V.
477 3764 553 3827 C.
585 3767 714 3845 ¹7¹5
750 3763 1072 3848 desponsa
1102 3778 1203 3828 est
1229 3766 1544 3849 Pompeia
1576 3764 1870 3850 ejusdem

369 3865 682 3952 Pompeii
708 3865 843 3930 filia
890 3865 976 3948 b).
1054 3868 1190 3930 Res
1226 3882 1441 3931 tamen
1489 3880 1731 3930 eventu
1772 3886 1875 3932 ca·

364 3968 527 4038 ruit.
613 3969 701 4037 V.
742 3969 820 4034 C.
876 3987 1003 4052 729
1064 3967 1283 4036 duxit,
1309 3968 1538 4033 Iuliam
1594 3966 1875 4052 Augusti

369 4069 611 4148 filiam,
664 4091 747 4135 ac
768 4091 925 4136 cum
956 4071 1129 4136 haud
1170 4069 1403 4135 dubius
1444 4082 1623 4135 esset
1657 4069 1873 4155 patrui
1986 4104 1994 4114 ·

356 4172 457 4246 in,
484 4172 772 4259 imperio
822 4193 1206 4252 successor,
1279 4172 1337 4236 is
1389 4172 1679 4235 honores
1730 4171 1872 4255 ejus

369 4274 759 4353 maturavit,
830 4275 927 4342 sic
967 4287 1039 4338 ut
1085 4272 1436 4338 admodum
1485 4270 1872 4338 adolescens

436 4594 500 4665 a)
537 4588 854 4650 animadv.
885 4591 947 4648 in
975 4611 1137 4649 num.
1164 4589 1300 4650 urb.
1329 4611 1391 4668 p.
1416 4602 1522 4656 123
1552 4589 1696 4648 edit.
1726 4587 1887 4648 Flor.

673 4683 736 4755 c)
776 4682 966 4742 Tacit.
998 4684 1153 4741 Anu.
1185 4681 1252 4740 1..
1273 4681 1320 4742 1.
1353 4700 1404 4740 c.
1420 4693 1475 4747 ὅ.
1514 4680 1631 4739 Dio
1658 4677 1899 4742 1..L111.
1931 4683 1984 4754 ς.
2002 4691 2097 4746 25.

358 4694 578 4832 :ollzad
603 4771 886 4833 Marciam
916 4789 969 4832 c.
986 4784 1043 4835 2.

448 4881 636 4967 (νοτ.
671 4881 824 4964 VJ.)

1190 4771 1249 4846 f)
1284 4771 1433 4831 Aen.
1451 4763 1556 4835 vt.
1584 4769 1696 4831 sub
1723 4770 1824 4831 flu.

1976 3150 2399 3236 pontificatu,
2462 3165 2533 3217 et
2587 3151 2955 3230 aedilitate,
3017 3153 3292 3241 aliisque
3356 3155 3476 3220 ho·

1975 3254 2251 3320 norihus
2359 3253 2895 3319 extraordinariis
2993 3269 3343 3320 ornaretur
3384 3259 3481 3341 0),

1985 3376 2214 3420 verum
2252 3377 2407 3441 spes
2444 3377 2673 3421 omnes
2726 3376 2904 3419 mors
2942 3371 3354 3441 praematura
3386 3359 3483 3420 in

1983 3457 2144 3523 cidit
2184 3459 2272 3527 V.
2316 3460 2402 3526 C.
2447 3458 2568 3535 731
2637 3458 2956 3543 suspectis
3001 3457 3085 3524 de
3131 3479 3211 3523 ea
3249 3460 3479 3524 Liviae

1983 3561 2275 3626 consiliis
2314 3560 2586 3626 Tiberio
2625 3580 2744 3624 suo
2776 3559 3062 3627 intentae
3110 3558 3198 3646 d).
3281 3563 3479 3627 Prae·

1983 3663 2201 3728 clarae
2280 3662 2423 3748 ejus
2480 3661 2736 3748 juvenis
2797 3661 3042 3728 indolis
3116 3684 3483 3749 praecones

1985 3764 2360 3851 locupletes
2414 3764 2606 3832 fuere
2665 3764 2922 3831 Seneca
2967 3768 3063 3850 ε),
3141 3780 3210 3832 et
3266 3767 3485 3851 Virgi-

1986 3869 2115 3934 lius
2158 3867 2237 3952 ¹).

2269 4103 2478 4169 Numi
2497 4108 2713 4188 spurii
2742 4118 2862 4168 aut
2887 4108 3198 4189 suspecti.
3409 4147 3444 4170 A

2218 4308 2235 4322 κ
2311 4274 2528 4355 Caput
2543 4273 2836 4351 iuvenile
2865 4260 3132 4335 nudum.

2033 4588 2107 4662 b)
2145 4586 2264 4648 Dio
2289 4586 2634 4648 LXLVm.
2667 4590 2719 4662 §-
2739 4599 2828 4655 ss.
2866 4591 3126 4668 Appiam.
3148 4590 3216 4651 B.
3237 4590 3388 4651 C.1..
3406 4591 3479 4651 V.

2243 4678 2316 4752 d)
2354 4676 2469 4737 Dio
2497 4677 2736 4740 unu„
2768 4681 2946 4753 §.sm
2980 4693 3070 4748 33·
3219 4685 3282 4756 e)
3323 4682 3480 4740 Con·

2803 4877 2864 4940 X
