4509 5584
1458 588 1820 676 '1vL1A
1881 597 2134 671 r1¹r1
2184 599 2266 671 Ρ.
3289 621 3432 698 565

1428 912 1785 987 IVLJA
1890 910 2134 977 TIT]
2227 912 2304 975 Ε

405 1095 539 1161 Titi
582 1117 664 1161 ex
711 1093 957 1159 Marcia
994 1093 1289 1157 Fut-nilla
1325 1093 1459 1157 filia
1503 1096 1582 1189 ⁸).
1647 1097 1811 1158 Eam

321 1217 510 1285 pater
560 1197 881 1283 virginem
924 1197 1296 1260 Domitiano
1340 1195 1532 1259 fratri
1573 1197 1640 1258 in
1683 1220 1836 1291 nia-u

314 1300 694 1365 trimonium
753 1299 1026 1378 obtulit3
1090 1297 1268 1384 quod
1315 1319 1464 1362 cum
1515 1300 1570 1362 is
1622 1321 1809 1363 recu·

319 1416 525 1468 sasset
572 1401 912 1469 devinctus
954 1400 1284 1465 Domitiae
1331 1401 1612 1485 nuptiis,
1674 1401 1809 1465 eol-

317 1506 527 1569 locata
573 1504 697 1567 fnit
740 1504 971 1568 Flavio
1019 1500 1298 1578 Sabino,
1342 1502 1482 1566 filio
1532 1505 1611 1569 Τ.
1664 1502 1810 1566 Fla·

313 1609 405 1673 vii
471 1607 692 1672 Sabini
752 1604 974 1669 fratris
1032 1604 1452 1687 Vespasiani,
1527 1605 1810 1687 patrueli

219 1742 239 1750 ·
318 1708 485 1786 Titi,
543 1730 619 1774 ac
665 1706 1022 1771 Domitiani
1066 1705 1153 1789 b).
1213 1707 1468 1773 Verum
1526 1706 1636 1772 vii:
1692 1726 1807 1767 nu-

266 1792 281 1801 ⁸
316 1825 492 1896 ptam
571 1810 722 1877 vivo
797 1808 1008 1872 adhuc
1089 1820 1275 1891 patre
1354 1807 1806 1872 ardentissime

315 1914 539 1998 coepit
597 1911 903 1995 diligere.
991 1912 1259 1972 Mortuo
1320 1909 1512 1985 Tito,
1589 1929 1811 1972 caeso-

318 2037 444 2103 que
489 2036 612 2100 per
650 2015 942 2101 iniquum
978 2023 1389 2098 praetextum
1428 2010 1658 2076 marito
1698 2012 1811 2073 Sa·

312 2117 509 2195 bino,
574 2137 853 2202 cumque
910 2136 949 2179 a
1000 2113 1291 2177 Domitia
1357 2132 1469 2176 sua
1533 2126 1808 2197 propter

313 2219 787 2284 adulteriorum
860 2216 1190 2281 infamiam
1269 2214 1555 2278 animum
1626 2230 1811 2279 aver-

312 2320 535 2400 tisset,
598 2341 733 2385 non
787 2321 1064 2405 amplius
1112 2331 1288 2382 tecte
1338 2336 1487 2379 cum
1536 2337 1612 2380 ea
1658 2336 1810 2378 con-

312 2425 557 2502 suevit,
604 2423 723 2488 sed
758 2436 986 2507 aperte
1024 2420 1227 2496 adeo,
1271 2432 1345 2482 ut
1383 2431 1641 2494 essent,
1697 2418 1810 2502 qui

312 2525 700 2605 crederent,
757 2526 962 2589 fuisse
1015 2544 1131 2588 eos
1184 2543 1347 2588 vero
1393 2519 1807 2593 matrimonio

312 2629 732 2712 conjunctos,
793 2640 861 2690 et
910 2639 1189 2690 testetur
1231 2624 1667 2687 Philostratus
1716 2622 1808 2701 ο),

311 2742 663 2813 eapropter
726 2727 1035 2811 nuptialia
1101 2748 1285 2791 sacra
1342 2724 1593 2810 Ephesi
1652 2719 1814 2805 pub·

308 2831 438 2894 lice
471 2831 692 2894 ‘fuisse
740 2831 1071 2893 celebrata
1113 2827 1202 2910 t¹).
1288 2829 1377 2889 At
1432 2824 1608 2888 enim
1670 2824 1814 2906 ipse

309 2933 586 2997 amasius
624 2953 816 2997 causa
848 2931 1077 2995 mortis
1113 2929 1395 3004 exstitit,
1448 2946 1598 2990 cum
1630 2942 1818 3007 prae·

312 3020 619 3121 &nantem
672 3055 816 3098 eam
870 3028 1201 3118 coe'gisset
1252 3043 1512 3093 uterum
1574 3024 1812 3107 abjice-

312 3158 387 3203 re
431 3140 516 3219 e),
574 3136 807 3200 Fuisse
861 3136 1101 3199 dictam
1145 3135 1504 3217 Augustam
1542 3151 1577 3191 a
1620 3126 1809 3204 Tito,

232 3292 243 3297 -
310 3253 756 3304 consecratam
793 3262 830 3302 a
864 3235 1238 3300 Domitiano
1260 3280 1277 3312 ,
1326 3231 1510 3295 numi
1545 3229 1805 3292 docent.

308 3344 414 3405 De
479 3362 648 3406 anno
712 3340 1099 3414 nativitatis,
1187 3357 1261 3400 ac
1337 3333 1568 3396 mortis
1640 3329 1805 3391 nihil

310 3445 477 3509 certi
538 3455 811 3507 constat.
880 3441 956 3502 Id
1016 3461 1212 3501 unum
1270 3434 1520 3501 notavit
1578 3434 1808 3496 Sueto·

308 3545 455 3609 nius
511 3544 601 3626 ¹),
676 3543 875 3607 natali
934 3538 1106 3604 filiae
1166 3542 1318 3604 'suae
1384 3563 1420 3603 a
1486 3541 1641 3605 Tito
1708 3553 1810 3596 ca-

306 3662 449 3732 ptas
490 3646 1024 3730 Hierosolymas,
1076 3643 1253 3730 quod
1289 3646 1525 3711 accidit
1570 3649 1676 3715 die
1726 3649 1805 3711 Π.

310 3748 720 3833 Septembris
765 3750 853 3831 8).

392 3853 645 3918 Passim
694 3850 927 3930 video,
982 3864 1113 3914 tam
1171 3849 1250 3913 ab
1308 3849 1635 3917 historicis
1688 3876 1804 3919 no-

311 3969 482 4019 strae
530 3955 823 4039 ⁹aetatis,
919 3975 1109 4039 quam
1184 3953 1558 4038 antiquariis
1634 3955 1802 4019 hanc

311 4058 447 4138 Titi
492 4056 690 4120 filiam
737 4055 869 4118 dici
906 4055 1130 4117 Iuliam
1176 4055 1509 4132 Sabinam,
1558 4072 1625 4120 et
1669 4079 1808 4121 sae·

309 4179 394 4244 pe
441 4160 760 4235 mirabar,
814 4158 1058 4222 factum
1102 4156 1289 4218 istud'
1319 4181 1355 4219 a
1398 4157 1557 4221 viris
1599 4158 1666 4218 in
1711 4158 1811 4220 bi-

310 4260 803 4337 storia,critica
863 4259 1060 4344 primi
1128 4258 1454 4337 subsellii,
1527 4279 1806 4344 quorum

309 4360 564 4449 agmina
623 4383 1011 4427 enumerare
1068 4363 1341 4447 longum
1394 4362 1592 4427 foret.
1684 4365 1807 4424 Ta·

385 4558 447 4628 a)
491 4557 653 4614 Suet.
685 4556 746 4612 in
782 4554 914 4612 Tito
950 4574 1002 4611 c.
1034 4562 1086 4615 4.

316 4650 379 4721 c)
419 4648 458 4705 l.
488 4668 541 4707 c.

313 4738 465 4797 Ptin.
484 4737 657 4815 epist.
674 4735 740 4794 L.
760 4736 860 4797 IV.
886 4750 968 4799 tl.

314 4847 378 4904 p.
409 4838 536 4901 914.
573 4841 658 4888 ιο.

1171 4734 1226 4806 s)
1256 4735 1314 4790 in
1343 4733 1477 4791 Tito
1507 4754 1556 4792 c.
1586 4745 1641 4797 5.

1292 4552 1362 4626 b)
1405 4548 1565 4611 Suet.
1603 4555 1661 4609 in
1690 4553 1908 4610 Domit.
1948 4573 1997 4610 c.
2029 4566 2120 4613 22.

745 4646 816 4717 d)
859 4647 1022 4706 Suet.
1052 4645 1114 4702 in
1146 4643 1366 4701 Domit.
1402 4663 1451 4702 c.
1488 4657 1552 4704 10
1584 4654 1642 4700 et
1668 4655 1759 4705 22.
1796 4644 1911 4700 Dio
1938 4644 2003 4700 L.
2032 4641 2263 4702 LXVII.
2295 4647 2343 4715 ς.
2365 4655 2419 4707 3.

1845 4736 1911 4811 g)
1943 4733 2117 4792 Noris
2148 4732 2380 4810 Epoch.
2414 4732 2640 4809 Syrum.

1929 1114 2080 1157 men
2125 1092 2416 1158 nondum
2455 1096 2685 1181 reperi
2721 1096 2790 1158 in
2834 1098 3008 1161 omni
3047 1106 3422 1190 antiquitate

1927 1210 2164 1260 testem
2199 1197 2564 1277 sincerum,
2605 1199 2717 1284 qui
2747 1199 2974 1264 [uliam
3009 1219 3297 1269 nostram
3334 1210 3425 1271 al·

1923 1310 2071 1360 tero
2106 1299 2371 1362 nomine
2413 1301 2731 1364 Sabinam
2767 1304 3164 1385 appellaret,
3205 1329 3422 1393 neque

1924 1399 2354 1483 scriptorem,
2396 1418 2613 1488 neque
2641 1406 2958 1482 numum,
3001 1428 3218 1492 neque
3258 1432 3428 1474 mar-

1924 1521 2093 1564 mor.
2155 1503 2469 1587 Vulgavit
2527 1505 2792 1589 quidem
2839 1496 3236 1573 Muratorius
3291 1533 3428 1574 mo-

1924 1615 2314 1685 numentum¹
2352 1618 2577 1682 vetus,
2623 1606 2692 1667 in
2740 1628 2871 1693 quo
2921 1609 3167 1694 legitur
3203 1614 3427 1676 SABI-

1920 1706 2066 1769 NA.
2121 1705 2367 1784 AVG.‚
2441 1706 2618 1791 quod
2668 1708 2784 1771 ille
2837 1731 3079 1777 nomen
3130 1714 3425 1799 reliquae
3503 1706 3512 1711 ’

1924 1805 2367 1889 inscriptionis
2409 1827 2598 1871 causa
2638 1810 2897 1874 nonnisi
2939 1813 3141 1878 Iuliae
3176 1817 3312 1880 Titi
3346 1820 3424 1883 F.

1925 1908 2282 1972 convenire
2325 1910 2647 1973 existimat
2677 1907 2767 1993 ὃ).
2813 1914 3064 1979 Verum
3104 1916 3427 2001 epigram-

1923 2030 2028 2072 ma
2076 2009 2255 2071 istud
2307 2011 2510 2094 magis
2564 2025 2663 2075 est
2715 2014 3049 2095 mutilum,
3111 2039 3301 2102 quam
3357 2035 3430 2082 ut

1924 2110 2377 2173 auctoritatem
2428 2113 2649 2176 facere
2705 2135 2831 2198 per
2884 2138 2955 2182 se
3004 2120 3232 2202 possit.
3306 2122 3425 2189 Vt-

1928 2225 2024 2275 tra
2089 2210 2157 2272 in
2219 2210 2386 2275 hane
2448 2234 2701 2277 causam
2766 2238 2913 2281 cum
2976 2218 3421 2304 inquirerem,

1925 2314 2222 2395 comperi
2269 2313 2588 2400 denique,
2647 2318 2921 2385 Sabinae
2964 2320 3139 2383 istud
3183 2316 3429 2386 nomen

1924 2436 2008 2478 ex
2048 2414 2295 2478 Goltzii
2333 2415 2673 2482 Thesauro
2705 2419 2775 2481 in
2810 2422 3218 2486 eruditorum
3250 2445 3426 2488 com-

1923 2518 2279 2580 mentarios
2313 2517 2609 2596 fluxisse,
2650 2524 2761 2605 qui
2793 2545 2959 2586 unus
2996 2526 3317 2602 omnium,
3352 2548 3425 2589 ac

1927 2620 2106 2682 solus
2158 2639 2389 2681 numos
2435 2633 2571 2682 tres
2618 2612 2841 2686 Iuliae
2880 2623 3172 2690 Sabinae
3219 2628 3428 2688 nomi-

1926 2740 2011 2782 ne
2051 2718 2400 2802 inscriptos
2439 2721 2748 2805 vulgavit.
2807 2723 2979 2790 Vide
3019 2726 3230 2790 simile
3269 2728 3427 2790 Gol-

1929 2820 2048 2884 tzii
2084 2820 2466 2905 figmentum
2515 2824 2869 2906 repetitum
2909 2825 2980 2887 in
3025 2826 3264 2892 Sabina
3300 2831 3426 2893 Ha·

1932 2923 2143 2986 driani
2184 2942 2413 2987 uxore.

2013 3023 2481 3119 Observandus
2533 3022 2601 3083 in
2653 3024 2854 3091 Iuliae
2909 3031 3120 3092 numis
3175 3029 3424 3116 duplex

1920 3126 2154 3209 eapitis
2205 3126 2438 3189 cultus.
2501 3127 2574 3185 ln
2619 3127 2763 3190 aliis
2810 3131 3027 3194 crines
3077 3135 3422 3215 compositi

1924 3242 2073 3290 sunt
2108 3247 2331 3304 more,
2383 3248 2577 3311 quem
2617 3229 2828 3291 tenuit
2872 3245 3142 3318 utraque
3181 3237 3418 3319 Agrip·

1921 3327 2103 3411 pina,
2146 3328 2324 3391 nodo
2356 3328 2421 3389 in
2452 3328 2696 3392 collum
2728 3345 2911 3395 retro
2945 3333 3313 3416 pendente;
3349 3338 3418 3397 in

1922 3430 2066 3493 aliis
2100 3429 2356 3495 accedit
2405 3428 2489 3492 ad
2534 3451 2830 3511 morem,
2881 3456 3075 3520 quem
3115 3435 3421 3502 observa·

1922 3553 2066 3593 mus
2101 3530 2167 3591 in
2198 3531 2411 3593 numis
2441 3532 2776 3613 Plotinae,
2809 3549 2878 3598 et
2905 3537 3262 3616 sociarum,
3300 3539 3422 3602 cri-

1931 3633 2111 3698 nium
2150 3634 2332 3697 cultu
2368 3647 2699 3719 turgente.

2005 3886 2214 3953 Numi
2250 3888 2472 3951 Iuliae
2525 3892 2890 3974 imperante
2944 3893 3091 3958 Tito
3141 3899 3424 3979 signali.

2158 4134 2169 4143 ·
2222 4062 2488 4125 IVLIA.
2534 4062 2975 4130 AVGVSTA.
3020 4066 3223 4128 Tm.
3267 4067 3421 4133 AV·

2224 4161 2511 4227 GVS'rt.
2557 4163 2631 4222 F.
2686 4164 2899 4240 Hujus
2942 4177 3165 4248 caput.

1922 4261 2242 4329 VENVS.
2304 4263 2686 4330 AVGVS'I'.
2790 4265 3017 4327 Venus
3073 4267 3421 4351 seminuda

1922 4385 2155 4426 aversa
2185 4378 2377 4426 stans
2411 4386 2464 4428 s.
2501 4366 2794 4440 hastam,
2832 4377 2901 4427 ct
2936 4368 3144 4429 slmul
3173 4350 3420 4430 colum-

2337 4552 2617 4610 Philostr.
2651 4553 2769 4614 Vit.
2802 4554 3001 4632 Apoll.
3034 4555 3100 4612 L.
3130 4556 3262 4617 VII.
3296 4579 3346 4618 c.
3375 4573 3429 4623 7.

2622 4646 2683 4716 e)
2727 4644 2887 4703 Suet.
2917 4645 2979 4701 in
3007 4646 3309 4726 Domine.
3335 4661 3426 4711 22.

2842 4733 2913 4808 h>
2944 4736 3123 4796 Thes.
3159 4737 3428 4815 inscript.
