4509 5584
1012 537 1108 617 02
1244 578 1253 597 .
2165 522 2267 601 M.
2333 523 2963 603 Amomvs.

1030 703 1152 766 bos
1181 683 1413 763 num'os
1445 694 1757 763 Octaviae
1793 695 1893 780 jus
1921 715 2093 761 esse.
2149 694 2520 785 Argumen-

1034 816 1103 869 to
1134 824 1170 865 a
1213 799 1866 884 lineamentispetito
1904 818 2037 861 non
2080 798 2516 879 immorabor,

1035 924 1182 968 cum
1244 901 1419 987 quod
1478 901 1671 978 haec,
1764 901 2117 985 praecipue
2173 902 2240 965 in
2303 903 2518 966 numis

1035 1004 1359 1079 externis,
1424 1004 1551 1065 sint
1591 1003 1884 1080 fallacia,
1936 1018 2075 1065 tum
2118 1006 2296 1090 quod
2340 1005 2520 1071 dem'-

1030 1121 1146 1189 pto
1190 1125 1385 1168 numo
1429 1105 1659 1180 unico,
1722 1125 1918 1189 quem
1960 1104 2030 1167 in
2072 1107 2213 1191 ejus
2257 1122 2520 1171 moneta

1033 1207 1236 1283 dabo,
1328 1219 1820 1273 monumentum
1889 1206 2067 1270 aliud
2134 1231 2268 1271 non
2322 1210 2521 1275 habe-

1030 1329 1210 1385 mus,
1270 1306 1445 1391 quod
1492 1307 1914 1377 indubitatam
1963 1309 2154 1373 nobis
2201 1311 2515 1377 Octaviae

1031 1409 1325 1493 effigiem
1385 1406 1655 1486 offerat,
1720 1429 1870 1472 cum
1928 1431 2054 1495 qua
2111 1412 2280 1477 adeo
2325 1435 2521 1507 prae-

1028 1511 1308 1579 sentium
1362 1530 1708 1583 numerum
1751 1514 1962 1576 vultus
1997 1514 2319 1595 possimus
2367 1536 2521 1580 con-

1026 1619 1231 1681 ferre.

1030 1719 1309 1785 vidimus
1370 1719 1436 1779 in
1494 1714 1787 1799 praefixo
1851 1712 2182 1800 catalogo,
2275 1739 2355 1782 ex
2414 1743 2522 1783 au.

1028 1834 1287 1885 ctorum
1331 1819 1572 1882 indicio
1618 1836 1814 1899 saepe
1860 1832 2054 1902 caput
2094 1819 2262 1881 illud
2305 1822 2524 1886 adseri

1025 1922 1391 1985 diademate
1450 1916 1858 1992 redimitum3
1918 1918 2094 2002 quod
2138 1921 2193 1982 si
2254 1943 2524 2002 verum,

1029 2023 1172 2108 quis
1208 2022 1619 2104 Cleopatram
1667 2018 2107 2083 inficiabitur?
2177 2022 2316 2086 Sed
2347 2030 2528 2091 Maz-

1029 2125 1271 2188 zoleno
1316 2122 1532 2206 judice
1569 2135 1822 2184 temere
1862 2122 2028 2184 illud
2067 2142 2522 2192 ornamentum

1027 2250 1064 2290 a
1098 2225 1451 2302 Morellio,
1507 2223 1780 2309 aliisque
1811 2229 2119 2293 adfictum
2154 2243 2283 2306 est,
2330 2251 2521 2314 quam

1031 2327 1295 2413 quidem
1342 2346 1468 2406 ego
1495 2329 1883 2393 sententiam
1918 2333 2175 2396 calculo
2210 2352 2366 2394 meo
2404 2352 2522 2393 ne-

962 2428 971 2433 “
1030 2451 1158 2513 que
1236 2426 1583 2510 repudiare
1643 2450 1941 2512 possum,
2016 2454 2233 2517 neque
2290 2434 2525 2516 appro-

1027 2532 1219 2605 hare3
1297 2551 1427 2592 non
1473 2528 1633 2606 hoc,
1710 2534 1857 2615 quia
1916 2548 2015 2598 tot
2058 2549 2262 2598 testes
2307 2534 2526 2597 diade-

1021 2655 1134 2722 μω
1191 2631 1555 2706 stabiliunt,
1619 2654 1751 2695 non
1792 2635 1997 2713 illud,
2066 2637 2213 2721 quia
2272 2637 2522 2718 etipse

1030 2734 1439 2819 experientia
1472 2733 1702 2796 doctus
1737 2755 1943 2819 cogor
1978 2741 2320 2819 profiteri,
2362 2759 2522 2800 non-

1028 2837 1246 2902 nullos
1303 2836 1598 2898 eruditos
1639 2858 1877 2903 revera
1926 2840 2193 2903 mulieri
2221 2840 2521 2906 diadema

1027 2922 1298 3023 praeter
1378 2940 1722 3001 veritatem
1814 2940 2203 3019 adfluxisse,
2284 2944 2519 3020 credo,

1031 3039 1207 3124 quod
1253 3038 1635 3116 mulierem,
1676 3046 1867 3126 quam
1912 3064 2059 3108 esse
2104 3046 2520 3127 Cleopatram

1032 3143 1195 3206 citra
1224 3139 1490 3203 dubium
1531 3143 1871 3221 dixerunt,
1910 3166 2056 3209 esse
2095 3147 2526 3211 diadematam

1035 3256 1394 3327 oporteret.
1485 3244 1557 3305 Si
1599 3244 1775 3306 istud
1825 3245 1893 3306 in
1939 3249 2254 3311 Mox-ellio
2296 3251 2529 3333 proba·-

1036 3366 1236 3419 verO,
1313 3345 1497 3427 cujus
1542 3344 1871 3409 celebrata
1926 3363 2027 3411 est
2070 3349 2138 3409 iu
2176 3372 2529 3414 numorum

1032 3449 1290 3533 pictura
1333 3445 1696 3523 adcuratio‚
1742 3448 1949 3510 multo
1992 3450 2195 3533 magis
2240 3452 2525 3533 suspicio

1029 3551 1233 3615 feriet
1274 3552 1622 3616 solutiores
1668 3552 1851 3618 alios.
1923 3551 2139 3619 Video
2182 3551 2525 3628 nimirum,

1034 3653 1105 3716 in
1146 3654 1316 3716 binis
1365 3655 1805 3737 Cistophoris,
1860 3672 2022 3738 quos
2078 3655 2421 3718 Morellius
2460 3657 2527 3718 in

1032 3755 1281 3817 familia
1342 3755 1622 3817 Antonia
1688 3754 1817 3821 tab.
1855 3772 1893 3814 α
1955 3754 2153 3831 sistit,
2236 3756 2528 3821 additum

936 3866 945 3877 '
1034 3869 1227 3940 caput
1268 3856 1590 3919 muliebre
1622 3857 1905 3920 cinctum
1928 3857 2343 3936 diademate,
2396 3880 2527 3944 quo

1034 3974 1250 4022 tamen
1277 3958 1440 4021 illud
1481 3973 1659 4021 caret
1681 3959 1748 4020 in
1782 3959 1994 4047 numis
2026 3959 2283 4038 iisdem,
2332 3975 2526 4046 atque

1034 4061 1481 4145 integerrimis
1531 4063 1745 4124 musei
1775 4064 2114 4139 Caesarei,
2168 4065 2378 4127 musei
2416 4065 2529 4125 Al-

1035 4163 1220 4240 bani‚
1256 4176 1326 4227 et
1362 4184 1524 4247 quos
1563 4165 1830 4228 exhibet
1857 4165 2161 4228 Panelius
2194 4173 2277 4247 ⁸).
2329 4168 2399 4229 Si
2434 4167 2527 4230 sic

1039 4279 1380 4351 peccatum
1415 4266 1480 4326 in
1519 4267 1751 4344 numia,
1785 4268 1895 4350 qui
1930 4289 2055 4350 per
2085 4271 2417 4344 volumen,
2463 4283 2531 4332 et

1039 4370 1375 4431 metallum
1457 4367 1667 4431 minus
1729 4369 2111 4432 detrimenti
2169 4393 2530 4455 accepere,

1038 4472 1185 4551 jure
1259 4491 1601 4554 possumus
1676 4473 2025 4554 suspicari,
2127 4474 2201 4535 in
2267 4475 2528 4551 aeneis,

1040 4572 1153 4654 qui
1225 4574 1631 4654 corruptioni
1706 4575 1850 4657 plus
1921 4588 2174 4658 patent,
2249 4589 2318 4639 et
2373 4596 2530 4659 quo-

1113 4780 1177 4851 a)
1217 4778 1390 4836 Num.
1424 4780 1694 4856 Cistopb.
1728 4799 1789 4856 p.
1808 4784 1898 4853 69.

1320 1616 1421 1678 Ad
1467 1613 1693 1697 capitis
1746 1617 1990 1675 cultum
2039 1614 2214 1699 quod
2258 1618 2520 1697 attinet,
2569 1625 2579 1633 '

2624 719 2772 762 rum
2829 697 3019 762 multi
3061 696 3301 784 exiguo
3346 709 3495 760 sunt
3553 695 3920 775 volumine,
3986 694 4134 760 dia·-

2627 800 2818 866 dema
2895 820 3155 886 quoque
3224 797 3304 863 ab
3379 798 3754 884 antiquariis
3821 800 3904 862 de
3967 817 4119 874 suo,

2633 917 2702 967 et
2756 923 2840 967 ex
2890 901 3331 986 praejudicata
3383 900 3698 986 opinione
3749 900 3951 969 fuisse
4013 897 4122 965 ad·

2632 1004 2858 1068 ditum.

2761 1107 2978 1191 Atque
3038 1103 3144 1167 his
3201 1105 3545 1190 perpensis
3589 1104 3888 1169 omnibus
3932 1125 4122 1188 appa·
4203 1092 4214 1099 “

2632 1221 2773 1286 ret,
2818 1229 3007 1293 quam
3065 1207 3152 1271 sit
3203 1206 3512 1284 difficile,
3569 1206 3637 1268 in
3680 1207 3809 1271 hoc
3850 1206 4120 1270 dissidio
4171 1228 4192 1241 ⁸

2634 1332 2755 1375 seu
2814 1306 3169 1385 Octaviae,
3240 1330 3362 1373 seu
3436 1310 3825 1392 Cleopatrae
3903 1322 4148 1393 partes·

2632 1412 2830 1478 tueri.
2903 1413 2995 1478 Vt
3053 1423 3293 1475 tamem
3335 1432 3548 1475 meam
3591 1412 3712 1474 hac
3755 1430 4017 1497 quoque
4060 1412 4132 1473 in

2638 1534 2830 1578 causa
2891 1512 3335 1595 conjecturam
3394 1512 3764 1596 proferam,
3822 1534 3958 1576 non
4002 1533 4132 1576 ma-

2637 1635 2932 1700 gnopere
2997 1614 3282 1678 alienum
3323 1634 3431 1679 me
3476 1635 3513 1677 a
3555 1614 3931 1679 Mazzoleni
3985 1635 4136 1677 sen-

2636 1717 2838 1779 tentia
2919 1717 3274 1799 profiteor,
3375 1716 3735 1802 opinantis,
3823 1715 4135 1779 muliebri

2636 1817 2791 1881 huic
2835 1818 3030 1902 capiti
3079 1818 3144 1878 in
3188 1818 3374 1882 nullo
3416 1819 3485 1880 id
3530 1838 3740 1902 genus
3781 1816 4136 1880 numo-ad-

2638 1919 2844 1983 ditum
2905 1919 3221 1982 diadema.
3307 1919 3487 1982 Istud
3531 1921 3589 1991 si
3643 1940 3914 1997 verum,
3973 1938 4156 2003 quw

2636 2023 2811 2086 niam
2855 2022 3203 2107 Cleopatra
3244 2040 3404 2084 vere
3443 2019 3692 2104 ¹regina
3732 2020 3890 2095 fuit,
3952 2034 4025 2084 et
4063 2019 4136 2081 in

2640 2124 2838 2189 certis
2887 2122 3027 2207 ejus
3069 2121 3318 2201 numis,
3387 2121 3458 2182 in
3501 2121 3733 2205 quibus
3777 2123 4134 2207 praecipue

2641 2226 2981 2290 denarium
3025 2237 3224 2307 puto,
3275 2244 3472 2309 quem
3515 2222 3584 2284 in
3629 2238 3888 2288 moneta
3931 2228 4135 2286 Anto·

2638 2329 2730 2391 nii
2789 2327 2871 2391 ad
2925 2328 3007 2395 V.
3048 2326 3276 2407 C.,7ao
3338 2323 3693 2409 descripsi,
3755 2327 3896 2409 ejus
3941 2340 4137 2410 caput

2641 2442 3016 2496 constanter
3075 2427 3356 2491 babetur
3414 2425 3881 2506 diadematum,
3952 2427 4137 2491 vide·

2640 2547 2748 2597 tur
2791 2532 2989 2595 etiam
3047 2528 3398 2611 consequi,
3437 2527 3518 2602 ,si
3561 2542 3754 2611 caput
3794 2530 3861 2590 in
3906 2528 4133 2611 hujus,

2641 2636 2724 2698 de
2748 2656 2870 2720 qua
2908 2632 3189 2716 agimus,
3227 2631 3450 2693 classis
3479 2633 3693 2695 numis
3733 2645 3911 2695 esset
3943 2631 4139 2694 Cleo·

2589 2732 2900 2822 <patrem
2969 2756 3102 2797 non
3173 2731 3422 2796 debere
3496 2734 3688 2816 regio
3746 2734 3906 2810 isto,
3986 2732 4142 2794 sibi·

2640 2858 2767 2925 que
2813 2837 3040 2901 debito
3080 2834 3319 2919 insigni
3362 2855 3614 2899 carere.
3675 2824 4001 2919 Equidem
4046 2835 4147 2898 vi-

2640 2941 2802 3020 deo,
2871 2938 3068 3022 objici
3131 2937 3290 2999 mihi
3336 2958 3528 3022 posse
3575 2957 3852 3001 aeneum
3887 2937 4140 3029 Oppii,

2637 3066 2834 3129 quem
2867 3040 3252 3108 Vaillantius
3293 3039 3361 3100 in
3396 3040 3677 3103 Antonia
3720 3043 3848 3109 tab.
3884 3045 4030 3111 XV.
4053 3068 4137 3107 ‘n-

2642 3157 2767 3228 47,
2826 3143 3174 3206 Morellius
3213 3140 3342 3204 tab.
3384 3143 3500 3207 XI.
3529 3164 3595 3207 n.
3633 3161 3669 3202 s
3714 3144 4025 3223 edidere,
4076 3147 4147 3208 in

2646 3268 2778 3332 quo
2859 3264 3038 3329 pone
3094 3257 3288 3327 caput
3340 3243 3664 3307 muliebre
3726 3267 3861 3309 non
3923 3246 4183 3313 diade-·

2644 3363 2887 3412 matum
2954 3353 3074 3408 est‘
3119 3366 3317 3428 prora
3371 3345 3586 3421 navis,
3649 3347 3825 3437 quod
3875 3349 4145 3413 attribu·

2643 3465 2782 3513 tum
2829 3460 3078 3511 certam
3126 3446 3315 3510 nobis
3366 3447 3780 3533 Cleopatram
3824 3451 4013 3528 facit,
4073 3467 4148 3515 ut
4225 3478 4236 3485 ·

2643 3550 2875 3631 videre
2924 3562 3025 3611 est
3072 3568 3154 3611 ex
3211 3549 3450 3612 eodem
3502 3551 3774 3616 denario
3828 3574 3863 3617 a
3910 3574 4016 3617 me
4061 3555 4145 3616 ad

2646 3675 2882 3718 annum
2923 3671 3050 3733 720
3108 3646 3454 3733 producto.
3540 3654 3627 3717 At
3682 3655 3859 3717 enim
3922 3675 4150 3742 quem-

2646 3753 3030 3828 admodum,
3099 3765 3171 3815 ut
3232 3755 3540 3818 continuo
3602 3756 3916 3836 diximus,
3990 3756 4149 3842 pec·'

2645 3874 2855 3923 catum
2915 3856 2994 3920 ab
3043 3854 3416 3939 antiquariis
3471 3857 3773 3923 addendo
3813 3859 4166 3939 diadema,

2643 3984 2775 4048 quo
2823 3963 2974 4024 loco
3026 3956 3255 4021 abesse
3296 3956 3559 4038 debuit,
3611 3962 3706 4026 sic
3767 3963 4029 4046 peccari
4054 3962 4150 4026 fa-

2644 4067 2773 4128 cile
2839 4061 3048 4146 potuit
3104 4059 3506 4139 omittendo,
3570 4066 3922 4149 praecipue
3993 4086 4146 4128 cum

2645 4168 2736 4243 is,
2827 4186 3021 4252 quem
3066 4168 3418 4232 Morellius
3464 4167 3662 4245 stitit,
3739 4168 4018 4252 insignia
4061 4168 4141 4230 ab

2646 4290 2818 4334 aevo>
2869 4269 3022 4333 vitia
3064 4270 3323 4337 fecerit.
3416 4270 3613 4365 Quod
3657 4269 3714 4333 si
3772 4268 3840 4331 in
3905 4270 4141 4333 horum
4213 4340 4216 4343 ,

2647 4371 2977 4434 nonnullis
3035 4394 3195 4437 vere
3258 4387 3358 4437 est
3412 4388 3607 4457 caput
3668 4371 4218 4449 diadematum,-
4276 4354 4288 4369 ⁹

2646 4487 2840 4559 atque
2892 4474 3058 4539 adeo
3103 4476 3523 4558 Cleopatrae,
3570 4475 3712 4557 ejus
3749 4474 4020 4558 reginae
4069 4475 4138 4535 in

2645 4575 2750 4637 his
2820 4576 3033 4639 numis'
3102 4579 3479 4662 propositae
3553 4576 3883 4661 duplicem
3947 4575 4140 4642 video
